2018-01-17T20:15:21.911000Z,10681.13000000,0.09000000
2018-01-17T20:15:22.199000Z,10681.13000000,0.01000000
2018-01-17T20:15:23.083000Z,10681.13000000,0.01374227
2018-01-17T20:15:24.914000Z,10690.00000000,0.55987253
2018-01-17T20:15:25.782000Z,10690.00000000,0.01000000
2018-01-17T20:15:26.211000Z,10690.00000000,0.01000000
2018-01-17T20:15:27.062000Z,10690.00000000,0.06254525
2018-01-17T20:15:29.092000Z,10690.00000000,0.01402654
2018-01-17T20:15:29.109000Z,10690.00000000,0.35597346
2018-01-17T20:15:29.160000Z,10690.00000000,0.46656044
2018-01-17T20:15:31.359000Z,10690.00000000,0.01102178
2018-01-17T20:15:31.359000Z,10690.00000000,0.01867950
2018-01-17T20:15:31.359000Z,10690.00000000,0.20000000
2018-01-17T20:15:31.359000Z,10690.01000000,0.51000000
2018-01-17T20:15:31.359000Z,10690.25000000,0.00101000
2018-01-17T20:15:31.359000Z,10699.00000000,0.01000000
2018-01-17T20:15:31.359000Z,10699.98000000,7.81478872
2018-01-17T20:15:32.212000Z,10699.98000000,1.41565879
2018-01-17T20:15:32.999000Z,10699.99000000,0.08313336
2018-01-17T20:15:33.701000Z,10699.98000000,0.09243000
2018-01-17T20:15:34.200000Z,10699.99000000,0.01000000
2018-01-17T20:15:34.242000Z,10699.99000000,0.02000000
2018-01-17T20:15:34.408000Z,10699.99000000,0.04661248
2018-01-17T20:15:36.070000Z,10699.99000000,0.01000000
2018-01-17T20:15:36.745000Z,10699.99000000,2.37657387
2018-01-17T20:15:36.924000Z,10699.99000000,0.02078916
2018-01-17T20:15:37.716000Z,10699.99000000,0.09000000
2018-01-17T20:15:41.564000Z,10699.99000000,0.01568323
2018-01-17T20:15:42.222000Z,10699.99000000,0.07802252
2018-01-17T20:15:42.228000Z,10699.99000000,0.04197748
2018-01-17T20:15:42.754000Z,10699.99000000,0.10000000
2018-01-17T20:15:42.872000Z,10699.99000000,0.01000000
2018-01-17T20:15:43.130000Z,10699.99000000,0.01000000
2018-01-17T20:15:43.304000Z,10699.99000000,0.00490363
2018-01-17T20:15:43.532000Z,10699.99000000,0.01000000
2018-01-17T20:15:44.489000Z,10699.99000000,0.01000000
2018-01-17T20:15:45.088000Z,10699.98000000,0.00100000
2018-01-17T20:15:45.514000Z,10699.99000000,0.01000000
2018-01-17T20:15:45.524000Z,10699.99000000,1.16260000
2018-01-17T20:15:45.576000Z,10699.99000000,0.00932249
2018-01-17T20:15:45.660000Z,10699.98000000,0.00180000
2018-01-17T20:15:45.682000Z,10699.99000000,0.03546650
2018-01-17T20:15:46.086000Z,10699.98000000,0.00210000
2018-01-17T20:15:48.089000Z,10699.99000000,0.01000000
2018-01-17T20:15:48.155000Z,10699.99000000,0.04430143
2018-01-17T20:15:51.573000Z,10699.99000000,2.30332297
2018-01-17T20:15:51.573000Z,10699.99000000,0.50000000
2018-01-17T20:15:51.573000Z,10699.99000000,0.00952380
2018-01-17T20:15:51.573000Z,10700.00000000,0.10000000
2018-01-17T20:15:51.573000Z,10700.00000000,0.17600000
2018-01-17T20:15:51.573000Z,10700.00000000,0.50000000
2018-01-17T20:15:51.573000Z,10700.18000000,0.01000000
2018-01-17T20:15:51.573000Z,10701.00000000,1.00000000
2018-01-17T20:15:51.573000Z,10701.29000000,0.50000000
2018-01-17T20:15:51.573000Z,10702.43000000,0.51000000
2018-01-17T20:15:51.573000Z,10702.87000000,0.50000000
2018-01-17T20:15:51.573000Z,10703.00000000,0.35004175
2018-01-17T20:15:51.573000Z,10704.00000000,0.00100000
2018-01-17T20:15:51.573000Z,10711.00000000,0.02000000
2018-01-17T20:15:51.573000Z,10711.76000000,0.50000000
2018-01-17T20:15:51.573000Z,10714.39000000,1.17110000
2018-01-17T20:15:51.573000Z,10717.15000000,0.50000000
2018-01-17T20:15:51.573000Z,10719.82000000,0.00200000
2018-01-17T20:15:51.573000Z,10721.08000000,0.93831148
2018-01-17T20:15:52.205000Z,10721.08000000,0.50000000
2018-01-17T20:15:52.219000Z,10721.08000000,0.03000000
2018-01-17T20:15:52.296000Z,10721.08000000,0.50000000
2018-01-17T20:15:52.839000Z,10721.08000000,0.00470381
2018-01-17T20:15:52.854000Z,10721.07000000,0.32234096
2018-01-17T20:15:52.854000Z,10721.07000000,1.00000000
2018-01-17T20:15:52.854000Z,10721.07000000,0.49900000
2018-01-17T20:15:52.854000Z,10721.07000000,2.50000000
2018-01-17T20:15:52.854000Z,10721.07000000,1.73000000
2018-01-17T20:15:52.854000Z,10721.07000000,1.89900000
2018-01-17T20:15:52.854000Z,10721.07000000,0.05101157
2018-01-17T20:15:52.854000Z,10721.07000000,0.01600000
2018-01-17T20:15:52.854000Z,10699.98000000,0.00250000
2018-01-17T20:15:52.854000Z,10699.98000000,0.00250000
2018-01-17T20:15:52.854000Z,10699.98000000,0.00961941
2018-01-17T20:15:52.854000Z,10699.98000000,0.50000000
2018-01-17T20:15:52.854000Z,10699.98000000,1.00000000
2018-01-17T20:15:52.854000Z,10699.98000000,1.00000000
2018-01-17T20:15:52.854000Z,10699.98000000,1.00000000
2018-01-17T20:15:52.854000Z,10698.00000000,0.00115569
2018-01-17T20:15:52.854000Z,10697.50000000,0.00400000
2018-01-17T20:15:52.854000Z,10697.50000000,0.26454388
2018-01-17T20:15:52.854000Z,10696.48000000,0.03000000
2018-01-17T20:15:52.854000Z,10690.74000000,0.00200000
2018-01-17T20:15:52.854000Z,10690.00000000,0.10000000
2018-01-17T20:15:52.854000Z,10690.00000000,0.00102000
2018-01-17T20:15:52.854000Z,10690.00000000,1.53332157
2018-01-17T20:15:52.854000Z,10690.00000000,0.50000000
2018-01-17T20:15:52.854000Z,10689.00000000,1.00000000
2018-01-17T20:15:52.854000Z,10681.12000000,1.00000000
2018-01-17T20:15:52.854000Z,10681.12000000,0.01933627
2018-01-17T20:15:52.854000Z,10680.00000000,0.40000000
2018-01-17T20:15:53.121000Z,10679.99000000,0.03000000
2018-01-17T20:15:53.222000Z,10680.00000000,0.01000000
2018-01-17T20:15:53.547000Z,10680.00000000,0.03245537
2018-01-17T20:15:53.781000Z,10680.00000000,0.48125939
2018-01-17T20:15:55.298000Z,10680.00000000,0.04600000
2018-01-17T20:15:55.933000Z,10680.00000000,1.86798920
2018-01-17T20:15:56.027000Z,10680.00000000,0.01000000
2018-01-17T20:15:56.475000Z,10680.00000000,0.01000000
2018-01-17T20:15:56.517000Z,10679.99000000,0.03669736
2018-01-17T20:15:56.517000Z,10679.99000000,0.10361380
2018-01-17T20:15:58.815000Z,10680.00000000,0.00496511
2018-01-17T20:15:59.000000Z,10680.00000000,0.12000000
2018-01-17T20:15:59.367000Z,10680.00000000,0.01000000
2018-01-17T20:15:59.469000Z,10680.00000000,0.02000000
2018-01-17T20:16:00.344000Z,10680.00000000,0.00560396
2018-01-17T20:16:00.654000Z,10680.00000000,0.09339946
2018-01-17T20:16:01.640000Z,10680.00000000,0.11945790
2018-01-17T20:16:04.787000Z,10680.00000000,0.10438417
2018-01-17T20:16:05.590000Z,10680.00000000,1.15130000
2018-01-17T20:16:05.595000Z,10680.00000000,0.09339946
2018-01-17T20:16:06.222000Z,10680.00000000,4.43243663
2018-01-17T20:16:06.222000Z,10680.00000000,0.16966894
2018-01-17T20:16:06.222000Z,10680.00000000,0.02133835
2018-01-17T20:16:06.222000Z,10700.00000000,0.41934164
2018-01-17T20:16:06.694000Z,10700.00000000,0.00200000
2018-01-17T20:16:06.694000Z,10700.00000000,0.00800000
2018-01-17T20:16:08.222000Z,10700.00000000,0.00130000
2018-01-17T20:16:08.222000Z,10700.00000000,0.17600000
2018-01-17T20:16:08.222000Z,10710.00000000,0.06101899
2018-01-17T20:16:08.729000Z,10700.03000000,0.03353040
2018-01-17T20:16:08.729000Z,10700.01000000,0.00080609
2018-01-17T20:16:08.899000Z,10709.99000000,0.18555123
2018-01-17T20:16:08.999000Z,10709.99000000,0.02250957
2018-01-17T20:16:10.734000Z,10709.99000000,0.27595647
2018-01-17T20:16:10.747000Z,10709.99000000,0.01989709
2018-01-17T20:16:10.747000Z,10709.99000000,0.71414644
2018-01-17T20:16:11.338000Z,10709.99000000,0.09313792
2018-01-17T20:16:11.397000Z,10709.99000000,0.73462808
2018-01-17T20:16:11.397000Z,10710.00000000,0.10000000
2018-01-17T20:16:11.397000Z,10717.62000000,0.00101000
2018-01-17T20:16:11.397000Z,10718.22000000,0.09945872
2018-01-17T20:16:11.397000Z,10718.92000000,0.02340000
2018-01-17T20:16:11.397000Z,10719.99000000,0.04150330
2018-01-17T20:16:12.283000Z,10710.26000000,0.04600000
2018-01-17T20:16:12.283000Z,10710.22000000,0.25000000
2018-01-17T20:16:12.283000Z,10710.21000000,0.67960000
2018-01-17T20:16:12.645000Z,10710.28000000,0.00681142
2018-01-17T20:16:12.940000Z,10717.55000000,0.37374734
2018-01-17T20:16:13.227000Z,10710.37000000,0.00963786
2018-01-17T20:16:13.328000Z,10721.08000000,0.09959915
2018-01-17T20:16:14.049000Z,10721.08000000,0.01000000
2018-01-17T20:16:14.063000Z,10721.08000000,0.04000000
2018-01-17T20:16:14.836000Z,10721.08000000,0.04000000
2018-01-17T20:16:15.352000Z,10721.08000000,0.03000000
2018-01-17T20:16:18.709000Z,10721.06000000,0.04600000
2018-01-17T20:16:18.709000Z,10721.07000000,0.10000000
2018-01-17T20:16:18.709000Z,10721.07000000,0.09000000
2018-01-17T20:16:18.709000Z,10721.07000000,0.01000000
2018-01-17T20:16:18.709000Z,10721.08000000,1.20738556
2018-01-17T20:16:18.709000Z,10722.31000000,0.07000000
2018-01-17T20:16:18.709000Z,10722.63000000,0.06477802
2018-01-17T20:16:20.714000Z,10722.63000000,0.00522198
2018-01-17T20:16:20.714000Z,10723.24000000,0.01338288
2018-01-17T20:16:21.022000Z,10723.24000000,0.01000000
2018-01-17T20:16:21.299000Z,10723.24000000,0.01000000
2018-01-17T20:16:22.351000Z,10723.24000000,0.01000000
2018-01-17T20:16:23.199000Z,10723.24000000,0.01000000
2018-01-17T20:16:23.503000Z,10723.23000000,0.18923765
2018-01-17T20:16:23.503000Z,10723.23000000,0.10000000
2018-01-17T20:16:23.503000Z,10723.23000000,0.01000000
2018-01-17T20:16:23.503000Z,10723.23000000,0.09000000
2018-01-17T20:16:23.503000Z,10723.23000000,0.26866235
2018-01-17T20:16:23.520000Z,10723.24000000,0.01661712
2018-01-17T20:16:23.520000Z,10723.24000000,0.22837620
2018-01-17T20:16:23.963000Z,10723.24000000,0.00697671
2018-01-17T20:16:24.223000Z,10723.23000000,0.09720000
2018-01-17T20:16:24.661000Z,10723.24000000,0.06000000
2018-01-17T20:16:25.240000Z,10723.23000000,0.06727980
2018-01-17T20:16:25.306000Z,10723.24000000,0.70464709
2018-01-17T20:16:25.306000Z,10723.24000000,0.26025742
2018-01-17T20:16:26.283000Z,10723.24000000,0.10000000
2018-01-17T20:16:26.882000Z,10723.24000000,0.11889528
2018-01-17T20:16:28.928000Z,10723.24000000,0.52084730
2018-01-17T20:16:28.929000Z,10723.24000000,0.00696962
2018-01-17T20:16:28.929000Z,10723.24000000,1.00000000
2018-01-17T20:16:28.929000Z,10724.76000000,0.00100000
2018-01-17T20:16:28.929000Z,10731.44000000,0.00230243
2018-01-17T20:16:28.929000Z,10731.44000000,0.01000000
2018-01-17T20:16:28.929000Z,10740.00000000,0.04500000
2018-01-17T20:16:28.929000Z,10740.00000000,0.50000000
2018-01-17T20:16:28.929000Z,10740.50000000,0.00200000
2018-01-17T20:16:28.929000Z,10740.55000000,0.01600000
2018-01-17T20:16:28.929000Z,10740.56000000,0.54299211
2018-01-17T20:16:28.929000Z,10747.42000000,0.08000000
2018-01-17T20:16:28.929000Z,10748.98000000,0.50000000
2018-01-17T20:16:28.929000Z,10749.00000000,0.99428854
2018-01-17T20:16:29.844000Z,10740.87000000,0.03000000
2018-01-17T20:16:29.965000Z,10740.87000000,0.01000000
2018-01-17T20:16:31.321000Z,10723.37000000,0.07441736
2018-01-17T20:16:31.436000Z,10723.37000000,0.04651085
2018-01-17T20:16:31.543000Z,10723.37000000,0.87907179
2018-01-17T20:16:31.543000Z,10723.37000000,0.33682821
2018-01-17T20:16:31.576000Z,10723.37000000,0.02000000
2018-01-17T20:16:32.209000Z,10723.37000000,0.00827893
2018-01-17T20:16:32.226000Z,10723.37000000,0.11162605
2018-01-17T20:16:33.388000Z,10723.37000000,0.06000000
2018-01-17T20:16:33.530000Z,10723.37000000,0.06000000
2018-01-17T20:16:35.604000Z,10730.00000000,0.08600000
2018-01-17T20:16:35.604000Z,10740.87000000,0.12730947
2018-01-17T20:16:35.835000Z,10740.87000000,0.06000000
2018-01-17T20:16:36.553000Z,10740.87000000,0.01021107
2018-01-17T20:16:36.937000Z,10740.87000000,0.07000000
2018-01-17T20:16:38.895000Z,10740.86000000,0.28583616
2018-01-17T20:16:43.086000Z,10740.87000000,0.00928701
2018-01-17T20:16:43.190000Z,10740.87000000,0.01652245
2018-01-17T20:16:43.190000Z,10740.87000000,0.17409633
2018-01-17T20:16:43.447000Z,10740.87000000,0.07407859
2018-01-17T20:16:46.672000Z,10740.87000000,0.16652508
2018-01-17T20:16:46.672000Z,10740.87000000,0.01515083
2018-01-17T20:16:46.672000Z,10746.64000000,1.00000000
2018-01-17T20:16:46.672000Z,10747.42000000,0.01000000
2018-01-17T20:16:46.672000Z,10749.00000000,0.72189465
2018-01-17T20:16:47.154000Z,10749.00000000,0.10355861
2018-01-17T20:16:47.154000Z,10749.00000000,0.01000000
2018-01-17T20:16:47.154000Z,10749.90000000,0.00100000
2018-01-17T20:16:47.154000Z,10749.95000000,1.94034139
2018-01-17T20:16:49.630000Z,10749.77000000,0.09279326
2018-01-17T20:16:50.080000Z,10747.70000000,0.00250000
2018-01-17T20:16:50.080000Z,10745.47000000,0.00250000
2018-01-17T20:16:50.080000Z,10741.05000000,0.00100000
2018-01-17T20:16:51.212000Z,10749.63000000,0.04176122
2018-01-17T20:16:51.646000Z,10749.25000000,0.05304749
2018-01-17T20:16:51.655000Z,10749.25000000,0.38620076
2018-01-17T20:16:51.664000Z,10749.25000000,0.03959428
2018-01-17T20:16:51.836000Z,10749.25000000,0.33102922
2018-01-17T20:16:51.992000Z,10749.95000000,0.02000000
2018-01-17T20:16:52.327000Z,10749.94000000,0.01000000
2018-01-17T20:16:52.459000Z,10749.93000000,0.00464260
2018-01-17T20:16:52.548000Z,10749.93000000,0.05906760
2018-01-17T20:16:53.458000Z,10749.95000000,0.04768654
2018-01-17T20:16:53.666000Z,10743.37000000,0.00500000
2018-01-17T20:16:53.858000Z,10749.91000000,0.10608226
2018-01-17T20:16:53.858000Z,10749.95000000,0.83760981
2018-01-17T20:16:54.578000Z,10749.95000000,0.02637825
2018-01-17T20:16:54.590000Z,10749.95000000,0.16472105
2018-01-17T20:16:55.949000Z,10749.95000000,0.00117010
2018-01-17T20:16:56.290000Z,10749.95000000,1.51754083
2018-01-17T20:16:56.290000Z,10749.95000000,0.30000000
2018-01-17T20:16:56.290000Z,10749.99000000,0.01000000
2018-01-17T20:16:56.290000Z,10750.00000000,0.20000000
2018-01-17T20:16:56.290000Z,10750.00000000,0.10000000
2018-01-17T20:16:56.290000Z,10750.00000000,0.30000000
2018-01-17T20:16:56.290000Z,10750.00000000,0.27654958
2018-01-17T20:16:56.290000Z,10750.00000000,0.10000000
2018-01-17T20:16:56.290000Z,10750.00000000,0.00115569
2018-01-17T20:16:56.290000Z,10750.00000000,1.65000000
2018-01-17T20:16:56.290000Z,10750.00000000,1.02500000
2018-01-17T20:16:56.290000Z,10750.00000000,0.00100000
2018-01-17T20:16:56.290000Z,10750.00000000,0.00200000
2018-01-17T20:16:56.290000Z,10750.00000000,0.00280000
2018-01-17T20:16:56.290000Z,10750.00000000,0.07454735
2018-01-17T20:16:56.290000Z,10750.00000000,0.01000000
2018-01-17T20:16:56.290000Z,10750.00000000,0.06705876
2018-01-17T20:16:56.290000Z,10751.99000000,0.01000000
2018-01-17T20:16:56.290000Z,10752.15000000,0.00200000
2018-01-17T20:16:56.290000Z,10758.00000000,0.00300000
2018-01-17T20:16:56.290000Z,10758.35000000,0.00250000
2018-01-17T20:16:56.290000Z,10759.24000000,0.01950000
2018-01-17T20:16:56.290000Z,10759.24000000,0.00170000
2018-01-17T20:16:56.290000Z,10759.24000000,0.00100000
2018-01-17T20:16:56.290000Z,10759.24000000,0.29960000
2018-01-17T20:16:56.290000Z,10759.24000000,0.00110000
2018-01-17T20:16:56.290000Z,10759.24000000,0.30240000
2018-01-17T20:16:56.290000Z,10759.90000000,0.00100000
2018-01-17T20:16:56.290000Z,10760.00000000,1.09225721
2018-01-17T20:16:56.290000Z,10760.00000000,0.96000000
2018-01-17T20:16:56.290000Z,10760.00000000,0.50000000
2018-01-17T20:16:56.290000Z,10760.83000000,0.40000000
2018-01-17T20:16:56.290000Z,10761.44000000,0.06543916
2018-01-17T20:16:56.290000Z,10762.00000000,0.10677143
2018-01-17T20:16:56.290000Z,10762.19000000,0.20000000
2018-01-17T20:16:56.290000Z,10762.19000000,0.10000000
2018-01-17T20:16:56.290000Z,10764.00000000,0.01000000
2018-01-17T20:16:56.290000Z,10767.13000000,0.01000000
2018-01-17T20:16:56.291000Z,10767.70000000,1.00000000
2018-01-17T20:16:56.291000Z,10770.00000000,0.21258175
2018-01-17T20:16:56.291000Z,10770.00000000,0.01000000
2018-01-17T20:16:56.291000Z,10770.26000000,1.27278433
2018-01-17T20:16:56.291000Z,10770.52000000,2.00000000
2018-01-17T20:16:56.291000Z,10771.75000000,11.50000000
2018-01-17T20:16:56.291000Z,10773.00000000,0.30000000
2018-01-17T20:16:56.291000Z,10774.20000000,0.00750000
2018-01-17T20:16:56.291000Z,10775.00000000,0.05000000
2018-01-17T20:16:56.291000Z,10775.22000000,0.01450000
2018-01-17T20:16:56.291000Z,10775.97000000,0.02600000
2018-01-17T20:16:56.291000Z,10777.18000000,6.27733843
2018-01-17T20:16:56.291000Z,10777.90000000,0.90000000
2018-01-17T20:16:56.291000Z,10779.13000000,0.43314215
2018-01-17T20:16:56.291000Z,10779.90000000,0.00100000
2018-01-17T20:16:56.291000Z,10780.00000000,0.03048000
2018-01-17T20:16:56.291000Z,10780.00000000,1.00000000
2018-01-17T20:16:56.291000Z,10780.00000000,0.50000000
2018-01-17T20:16:56.291000Z,10780.00000000,0.08000000
2018-01-17T20:16:56.291000Z,10780.00000000,0.00854753
2018-01-17T20:16:56.291000Z,10783.28000000,0.00700000
2018-01-17T20:16:56.291000Z,10784.56000000,0.50000000
2018-01-17T20:16:56.291000Z,10785.00000000,0.10000000
2018-01-17T20:16:56.291000Z,10785.37000000,0.00225179
2018-01-17T20:16:56.291000Z,10786.11000000,0.00155027
2018-01-17T20:16:56.291000Z,10787.00000000,0.05000000
2018-01-17T20:16:56.291000Z,10787.64000000,2.17440881
2018-01-17T20:16:56.740000Z,10771.50000000,0.00100729
2018-01-17T20:16:56.740000Z,10772.99000000,0.00100000
2018-01-17T20:16:56.740000Z,10784.55000000,0.00787336
2018-01-17T20:16:57.642000Z,10750.30000000,0.00171594
2018-01-17T20:16:58.141000Z,10759.87000000,0.50000000
2018-01-17T20:16:58.141000Z,10764.55000000,0.47404285
2018-01-17T20:16:59.483000Z,10759.85000000,0.00231765
2018-01-17T20:16:59.954000Z,10759.84000000,0.21446332
2018-01-17T20:17:00.393000Z,10759.84000000,0.11954307
2018-01-17T20:17:02.275000Z,10762.45000000,0.00926839
2018-01-17T20:17:02.388000Z,10763.27000000,0.92676875
2018-01-17T20:17:03.345000Z,10762.40000000,0.01705392
2018-01-17T20:17:03.442000Z,10762.40000000,0.32820000
2018-01-17T20:17:03.755000Z,10761.34000000,0.79000000
2018-01-17T20:17:03.755000Z,10761.35000000,0.00338495
2018-01-17T20:17:05.868000Z,10752.88000000,0.02208834
2018-01-17T20:17:05.874000Z,10752.88000000,0.00110000
2018-01-17T20:17:06.076000Z,10752.87000000,0.02208834
2018-01-17T20:17:06.531000Z,10758.78000000,0.04034580
2018-01-17T20:17:08.562000Z,10762.42000000,0.25000000
2018-01-17T20:17:08.562000Z,10770.28000000,0.00200000
2018-01-17T20:17:08.562000Z,10770.52000000,0.02500000
2018-01-17T20:17:08.562000Z,10770.60000000,0.10000000
2018-01-17T20:17:08.562000Z,10779.99000000,0.10000000
2018-01-17T20:17:08.562000Z,10780.00000000,0.63566142
2018-01-17T20:17:08.878000Z,10762.38000000,1.10120000
2018-01-17T20:17:08.878000Z,10762.39000000,1.00000000
2018-01-17T20:17:08.878000Z,10762.39000000,2.17220000
2018-01-17T20:17:08.927000Z,10762.39000000,0.00991723
2018-01-17T20:17:09.228000Z,10760.60000000,0.00935527
2018-01-17T20:17:09.237000Z,10760.60000000,0.33486202
2018-01-17T20:17:09.311000Z,10764.10000000,0.00200000
2018-01-17T20:17:09.311000Z,10769.09000000,0.06313798
2018-01-17T20:17:09.335000Z,10769.09000000,0.09540558
2018-01-17T20:17:09.548000Z,10769.09000000,0.01000000
2018-01-17T20:17:10.015000Z,10769.08000000,0.37050750
2018-01-17T20:17:10.691000Z,10762.38000000,0.00231711
2018-01-17T20:17:10.915000Z,10762.38000000,0.92684539
2018-01-17T20:17:10.915000Z,10762.38000000,0.02830000
2018-01-17T20:17:11.479000Z,10762.38000000,0.00110000
2018-01-17T20:17:11.491000Z,10762.37000000,0.03245537
2018-01-17T20:17:11.786000Z,10762.38000000,0.00100000
2018-01-17T20:17:11.830000Z,10762.38000000,1.11221447
2018-01-17T20:17:11.921000Z,10762.38000000,0.01000000
2018-01-17T20:17:12.202000Z,10762.38000000,0.38689125
2018-01-17T20:17:12.784000Z,10762.38000000,0.26529686
2018-01-17T20:17:13.767000Z,10762.38000000,0.18536907
2018-01-17T20:17:14.877000Z,10762.38000000,0.01000000
2018-01-17T20:17:15.035000Z,10762.38000000,0.04634226
2018-01-17T20:17:15.242000Z,10762.38000000,0.02317113
2018-01-17T20:17:16.360000Z,10762.38000000,0.30086977
2018-01-17T20:17:17.297000Z,10762.38000000,0.02000000
2018-01-17T20:17:17.896000Z,10762.38000000,0.01607984
2018-01-17T20:17:18.191000Z,10762.38000000,0.01646792
2018-01-17T20:17:18.204000Z,10762.38000000,0.02353208
2018-01-17T20:17:18.296000Z,10762.38000000,0.02000000
2018-01-17T20:17:18.370000Z,10762.38000000,1.09647663
2018-01-17T20:17:18.566000Z,10762.38000000,0.05900288
2018-01-17T20:17:19.897000Z,10762.38000000,0.01000000
2018-01-17T20:17:20.667000Z,10762.38000000,0.03000000
2018-01-17T20:17:21.138000Z,10762.38000000,0.04061329
2018-01-17T20:17:21.170000Z,10762.38000000,0.04000000
2018-01-17T20:17:22.634000Z,10762.38000000,0.03320650
2018-01-17T20:17:22.860000Z,10762.38000000,0.05000000
2018-01-17T20:17:22.866000Z,10762.38000000,0.03320650
2018-01-17T20:17:23.543000Z,10762.38000000,0.01000000
2018-01-17T20:17:24.080000Z,10762.38000000,0.92684539
2018-01-17T20:17:24.645000Z,10762.38000000,0.01000000
2018-01-17T20:17:25.575000Z,10762.38000000,0.06000000
2018-01-17T20:17:26.419000Z,10762.38000000,0.01000000
2018-01-17T20:17:26.774000Z,10762.38000000,0.02835405
2018-01-17T20:17:26.942000Z,10762.38000000,1.20000000
2018-01-17T20:17:28.798000Z,10762.38000000,1.96150000
2018-01-17T20:17:31.487000Z,10762.38000000,0.01726712
2018-01-17T20:17:32.164000Z,10762.38000000,0.02000000
2018-01-17T20:17:33.611000Z,10762.37000000,0.15536134
2018-01-17T20:17:33.611000Z,10762.37000000,0.04038056
2018-01-17T20:17:34.301000Z,10762.38000000,0.05696131
2018-01-17T20:17:34.409000Z,10762.37000000,0.15654950
2018-01-17T20:17:34.409000Z,10762.37000000,0.13000000
2018-01-17T20:17:34.409000Z,10762.37000000,0.00970839
2018-01-17T20:17:35.786000Z,10762.38000000,0.08017757
2018-01-17T20:17:35.793000Z,10762.38000000,0.02260585
2018-01-17T20:17:35.800000Z,10762.38000000,0.19141860
2018-01-17T20:17:35.800000Z,10762.38000000,0.12024220
2018-01-17T20:17:35.845000Z,10762.38000000,0.03231498
2018-01-17T20:17:35.917000Z,10762.38000000,0.03000000
2018-01-17T20:17:36.147000Z,10762.38000000,0.01000000
2018-01-17T20:17:36.150000Z,10762.38000000,0.06000000
2018-01-17T20:17:36.152000Z,10762.38000000,0.00174282
2018-01-17T20:17:36.152000Z,10770.00000000,0.05633528
2018-01-17T20:17:36.292000Z,10769.99000000,0.02260585
2018-01-17T20:17:36.988000Z,10770.00000000,0.18477871
2018-01-17T20:17:37.348000Z,10770.00000000,0.07754570
2018-01-17T20:17:37.426000Z,10770.00000000,0.06098700
2018-01-17T20:17:37.440000Z,10770.00000000,0.02035331
2018-01-17T20:17:37.440000Z,10770.00000000,0.00964669
2018-01-17T20:17:37.654000Z,10770.00000000,0.00035331
2018-01-17T20:17:37.654000Z,10777.02000000,0.00200000
2018-01-17T20:17:37.654000Z,10780.00000000,0.00764669
2018-01-17T20:17:37.833000Z,10780.00000000,0.46266522
2018-01-17T20:17:38.482000Z,10780.00000000,0.00170260
2018-01-17T20:17:40.207000Z,10779.99000000,0.14869073
2018-01-17T20:17:40.207000Z,10779.99000000,0.10191628
2018-01-17T20:17:41.085000Z,10780.00000000,0.40608549
2018-01-17T20:17:41.085000Z,10780.00000000,0.01000000
2018-01-17T20:17:41.085000Z,10780.00000000,0.10000000
2018-01-17T20:17:41.085000Z,10787.22000000,0.00200000
2018-01-17T20:17:41.085000Z,10787.24000000,0.40000000
2018-01-17T20:17:41.085000Z,10788.00000000,0.00463478
2018-01-17T20:17:41.085000Z,10788.00000000,0.23546558
2018-01-17T20:17:41.119000Z,10788.00000000,0.02315586
2018-01-17T20:17:41.417000Z,10788.00000000,0.23023642
2018-01-17T20:17:41.577000Z,10788.00000000,0.03000000
2018-01-17T20:17:42.227000Z,10787.99000000,0.02500000
2018-01-17T20:17:42.327000Z,10788.00000000,0.00939715
2018-01-17T20:17:42.515000Z,10788.00000000,0.03698577
2018-01-17T20:17:42.733000Z,10788.00000000,0.06472509
2018-01-17T20:17:43.419000Z,10788.00000000,0.12737752
2018-01-17T20:17:43.531000Z,10788.00000000,0.04000000
2018-01-17T20:17:47.560000Z,10788.00000000,0.00265661
2018-01-17T20:17:47.560000Z,10788.00000000,0.50000000
2018-01-17T20:17:47.560000Z,10788.00000000,0.00200000
2018-01-17T20:17:47.820000Z,10789.00000000,0.03300000
2018-01-17T20:17:47.820000Z,10789.00000000,0.01000000
2018-01-17T20:17:47.820000Z,10789.90000000,0.00100000
2018-01-17T20:17:47.820000Z,10789.90000000,0.34200885
2018-01-17T20:17:48.476000Z,10789.90000000,0.02809816
2018-01-17T20:17:49.362000Z,10789.90000000,3.25670000
2018-01-17T20:17:49.520000Z,10789.90000000,0.33666359
2018-01-17T20:17:50.528000Z,10789.90000000,0.39401508
2018-01-17T20:17:50.654000Z,10789.90000000,1.59226061
2018-01-17T20:17:50.740000Z,10789.90000000,0.01782949
2018-01-17T20:17:51.628000Z,10789.90000000,0.21097541
2018-01-17T20:17:52.545000Z,10789.90000000,0.04425563
2018-01-17T20:17:52.655000Z,10789.90000000,0.70520418
2018-01-17T20:17:53.028000Z,10789.90000000,0.05000000
2018-01-17T20:17:53.261000Z,10789.90000000,0.22222869
2018-01-17T20:17:53.902000Z,10789.90000000,1.91266058
2018-01-17T20:17:55.782000Z,10789.90000000,0.02562292
2018-01-17T20:17:56.102000Z,10789.90000000,0.00369792
2018-01-17T20:17:56.642000Z,10789.90000000,0.03074491
2018-01-17T20:17:56.650000Z,10789.90000000,0.01910000
2018-01-17T20:17:56.846000Z,10789.90000000,0.00924481
2018-01-17T20:17:57.905000Z,10789.90000000,0.33086473
2018-01-17T20:17:59.094000Z,10789.89000000,0.15018132
2018-01-17T20:17:59.094000Z,10789.89000000,0.32000000
2018-01-17T20:17:59.094000Z,10789.89000000,0.01000000
2018-01-17T20:17:59.094000Z,10789.89000000,0.51981868
2018-01-17T20:17:59.689000Z,10789.90000000,0.04622407
2018-01-17T20:18:00.733000Z,10789.90000000,0.00796348
2018-01-17T20:18:01.833000Z,10789.90000000,0.02000000
2018-01-17T20:18:02.408000Z,10789.89000000,0.83338692
2018-01-17T20:18:03.336000Z,10789.90000000,0.14226844
2018-01-17T20:18:03.565000Z,10789.90000000,0.41601665
2018-01-17T20:18:03.576000Z,10789.90000000,0.04104697
2018-01-17T20:18:04.725000Z,10789.90000000,0.00100000
2018-01-17T20:18:05.331000Z,10789.90000000,0.05687203
2018-01-17T20:18:05.350000Z,10789.90000000,0.35868924
2018-01-17T20:18:05.360000Z,10789.90000000,0.12264688
2018-01-17T20:18:06.320000Z,10789.90000000,0.11035615
2018-01-17T20:18:06.392000Z,10789.89000000,0.05000000
2018-01-17T20:18:06.928000Z,10789.90000000,0.01000000
2018-01-17T20:18:07.222000Z,10789.89000000,0.77879440
2018-01-17T20:18:07.222000Z,10789.89000000,1.00000000
2018-01-17T20:18:07.222000Z,10789.89000000,0.01829448
2018-01-17T20:18:07.222000Z,10789.89000000,0.10000000
2018-01-17T20:18:07.222000Z,10789.89000000,1.50000000
2018-01-17T20:18:07.222000Z,10789.89000000,0.08389819
2018-01-17T20:18:07.222000Z,10789.89000000,1.00000000
2018-01-17T20:18:07.222000Z,10789.89000000,0.02270503
2018-01-17T20:18:07.222000Z,10789.89000000,0.00419000
2018-01-17T20:18:07.222000Z,10789.89000000,0.01600000
2018-01-17T20:18:07.222000Z,10789.89000000,1.00000000
2018-01-17T20:18:07.222000Z,10789.89000000,0.05000000
2018-01-17T20:18:07.222000Z,10789.89000000,0.11000000
2018-01-17T20:18:07.222000Z,10789.89000000,0.03699038
2018-01-17T20:18:07.222000Z,10789.89000000,0.00102000
2018-01-17T20:18:07.222000Z,10789.89000000,0.90000000
2018-01-17T20:18:07.222000Z,10789.79000000,1.00000000
2018-01-17T20:18:07.222000Z,10788.00000000,0.04000000
2018-01-17T20:18:07.222000Z,10787.99000000,1.00000000
2018-01-17T20:18:07.222000Z,10787.99000000,0.00235915
2018-01-17T20:18:07.222000Z,10787.95000000,1.00000000
2018-01-17T20:18:07.222000Z,10779.99000000,0.33574837
2018-01-17T20:18:08.529000Z,10780.00000000,0.02508108
2018-01-17T20:18:08.914000Z,10779.99000000,0.01000000
2018-01-17T20:18:08.914000Z,10779.99000000,0.08800000
2018-01-17T20:18:08.975000Z,10779.99000000,0.01568323
2018-01-17T20:18:09.423000Z,10780.00000000,0.01000000
2018-01-17T20:18:09.629000Z,10779.99000000,0.04907706
2018-01-17T20:18:09.629000Z,10779.99000000,0.15276029
2018-01-17T20:18:09.629000Z,10779.99000000,0.01505654
2018-01-17T20:18:09.629000Z,10779.99000000,0.01504114
2018-01-17T20:18:09.629000Z,10768.64000000,0.32996083
2018-01-17T20:18:10.283000Z,10779.99000000,0.04000000
2018-01-17T20:18:10.394000Z,10762.39000000,0.01000000
2018-01-17T20:18:10.394000Z,10762.39000000,0.46458082
2018-01-17T20:18:10.394000Z,10762.38000000,0.12000000
2018-01-17T20:18:10.394000Z,10762.37000000,0.04851037
2018-01-17T20:18:10.394000Z,10762.37000000,0.03700000
2018-01-17T20:18:10.394000Z,10762.37000000,0.01000000
2018-01-17T20:18:10.394000Z,10762.00000000,0.02000000
2018-01-17T20:18:10.394000Z,10755.85000000,0.30000000
2018-01-17T20:18:10.394000Z,10755.85000000,1.97375267
2018-01-17T20:18:10.394000Z,10753.51000000,0.00100000
2018-01-17T20:18:10.394000Z,10751.74000000,0.04600000
2018-01-17T20:18:10.394000Z,10751.73000000,0.01000000
2018-01-17T20:18:10.394000Z,10751.05000000,0.50000000
2018-01-17T20:18:10.394000Z,10751.02000000,0.18475465
2018-01-17T20:18:10.941000Z,10758.99000000,0.01325090
2018-01-17T20:18:10.941000Z,10779.99000000,0.09000000
2018-01-17T20:18:10.941000Z,10779.99000000,0.01000000
2018-01-17T20:18:10.941000Z,10779.99000000,0.10000000
2018-01-17T20:18:10.941000Z,10780.00000000,0.17303575
2018-01-17T20:18:11.111000Z,10755.86000000,0.00200000
2018-01-17T20:18:11.111000Z,10751.75000000,0.01300000
2018-01-17T20:18:11.213000Z,10779.99000000,0.00991219
2018-01-17T20:18:11.354000Z,10779.98000000,0.01000000
2018-01-17T20:18:11.638000Z,10779.96000000,0.02000000
2018-01-17T20:18:12.281000Z,10773.19000000,0.04629576
2018-01-17T20:18:12.518000Z,10757.42000000,0.35000000
2018-01-17T20:18:12.518000Z,10751.77000000,0.34670000
2018-01-17T20:18:12.718000Z,10751.78000000,0.68494929
2018-01-17T20:18:13.665000Z,10757.43000000,0.00300000
2018-01-17T20:18:13.665000Z,10773.19000000,0.00808994
2018-01-17T20:18:13.683000Z,10773.19000000,0.06689454
2018-01-17T20:18:13.704000Z,10773.19000000,0.03000000
2018-01-17T20:18:14.015000Z,10773.19000000,0.84871976
2018-01-17T20:18:14.015000Z,10778.14000000,0.00200000
2018-01-17T20:18:14.015000Z,10779.96000000,1.85100000
2018-01-17T20:18:14.015000Z,10779.97000000,0.00200000
2018-01-17T20:18:14.015000Z,10779.99000000,2.50000000
2018-01-17T20:18:14.015000Z,10780.00000000,0.82696425
2018-01-17T20:18:14.015000Z,10780.00000000,2.00000000
2018-01-17T20:18:14.015000Z,10789.90000000,2.73913437
2018-01-17T20:18:14.015000Z,10789.90000000,0.10000000
2018-01-17T20:18:14.015000Z,10789.90000000,0.00900000
2018-01-17T20:18:14.015000Z,10790.00000000,0.03000000
2018-01-17T20:18:14.015000Z,10790.00000000,0.01000000
2018-01-17T20:18:14.015000Z,10790.00000000,1.00000000
2018-01-17T20:18:14.015000Z,10790.00000000,0.05000000
2018-01-17T20:18:14.015000Z,10791.71000000,0.02500000
2018-01-17T20:18:14.015000Z,10793.03000000,0.10000000
2018-01-17T20:18:14.015000Z,10793.99000000,0.01600000
2018-01-17T20:18:14.015000Z,10794.00000000,0.02500000
2018-01-17T20:18:14.015000Z,10794.00000000,1.00000000
2018-01-17T20:18:14.015000Z,10795.00000000,0.03100000
2018-01-17T20:18:14.015000Z,10795.17000000,0.05000000
2018-01-17T20:18:14.015000Z,10795.17000000,0.00400000
2018-01-17T20:18:14.015000Z,10796.28000000,0.20000000
2018-01-17T20:18:14.015000Z,10797.00000000,0.02000000
2018-01-17T20:18:14.015000Z,10797.00000000,0.07115204
2018-01-17T20:18:14.015000Z,10798.91000000,0.02500000
2018-01-17T20:18:14.015000Z,10799.00000000,0.00100000
2018-01-17T20:18:14.015000Z,10799.00000000,0.00900000
2018-01-17T20:18:14.015000Z,10799.00000000,0.58980193
2018-01-17T20:18:14.015000Z,10799.00000000,0.01000000
2018-01-17T20:18:14.015000Z,10799.00000000,0.01000000
2018-01-17T20:18:14.015000Z,10799.23000000,0.03000000
2018-01-17T20:18:14.015000Z,10799.30000000,0.20000000
2018-01-17T20:18:14.015000Z,10799.99000000,0.01000000
2018-01-17T20:18:14.015000Z,10800.00000000,0.01620400
2018-01-17T20:18:14.015000Z,10800.00000000,0.00360000
2018-01-17T20:18:14.015000Z,10800.00000000,0.10000000
2018-01-17T20:18:14.015000Z,10800.00000000,0.01655921
2018-01-17T20:18:14.015000Z,10800.00000000,0.25000000
2018-01-17T20:18:14.015000Z,10800.00000000,0.01000000
2018-01-17T20:18:14.015000Z,10800.00000000,0.05000000
2018-01-17T20:18:14.015000Z,10800.00000000,0.01000000
2018-01-17T20:18:14.015000Z,10800.00000000,0.20000000
2018-01-17T20:18:14.015000Z,10800.00000000,0.01000000
2018-01-17T20:18:14.015000Z,10800.00000000,0.28000000
2018-01-17T20:18:14.015000Z,10800.00000000,0.00511535
2018-01-17T20:18:14.015000Z,10800.00000000,4.65274909
2018-01-17T20:18:14.015000Z,10800.00000000,0.25354207
2018-01-17T20:18:15.495000Z,10757.43000000,0.01000000
2018-01-17T20:18:16.066000Z,10757.43000000,0.02781815
2018-01-17T20:18:16.182000Z,10757.43000000,0.06000000
2018-01-17T20:18:17.160000Z,10757.43000000,0.01629999
2018-01-17T20:18:17.526000Z,10757.43000000,0.05968739
2018-01-17T20:18:17.716000Z,10757.43000000,0.03000000
2018-01-17T20:18:18.069000Z,10757.43000000,0.13860674
2018-01-17T20:18:18.117000Z,10757.43000000,0.01264500
2018-01-17T20:18:18.135000Z,10757.43000000,0.00465598
2018-01-17T20:18:18.294000Z,10757.38000000,0.09279326
2018-01-17T20:18:19.145000Z,10757.43000000,0.03307560
2018-01-17T20:18:19.467000Z,10757.43000000,0.02716234
2018-01-17T20:18:19.467000Z,10757.43000000,0.05433764
2018-01-17T20:18:19.782000Z,10757.43000000,0.03709087
2018-01-17T20:18:20.119000Z,10757.43000000,0.09272718
2018-01-17T20:18:20.847000Z,10757.43000000,0.00927271
2018-01-17T20:18:21.181000Z,10757.43000000,0.38637269
2018-01-17T20:18:21.987000Z,10757.43000000,0.06000000
2018-01-17T20:18:22.604000Z,10757.43000000,0.01000000
2018-01-17T20:18:22.840000Z,10757.43000000,0.01140013
2018-01-17T20:18:22.840000Z,10779.95000000,0.04600000
2018-01-17T20:18:22.840000Z,10780.00000000,0.00101000
2018-01-17T20:18:22.840000Z,10780.65000000,0.00200000
2018-01-17T20:18:22.840000Z,10793.99000000,0.01000000
2018-01-17T20:18:22.840000Z,10799.98000000,0.09279326
2018-01-17T20:18:22.840000Z,10799.98000000,0.22241374
2018-01-17T20:18:23.032000Z,10799.98000000,0.01103676
2018-01-17T20:18:24.712000Z,10799.98000000,0.00600000
2018-01-17T20:18:25.866000Z,10799.98000000,0.00200000
2018-01-17T20:18:25.866000Z,10799.99000000,0.18272354
2018-01-17T20:18:29.045000Z,10799.97000000,0.15200000
2018-01-17T20:18:29.119000Z,10799.98000000,0.02000000
2018-01-17T20:18:30.957000Z,10799.98000000,0.38743499
2018-01-17T20:18:31.231000Z,10799.98000000,0.38743499
2018-01-17T20:18:31.383000Z,10799.97000000,1.20000000
2018-01-17T20:18:31.460000Z,10799.98000000,0.38743499
2018-01-17T20:18:31.555000Z,10799.98000000,0.04445150
2018-01-17T20:18:31.555000Z,10799.98000000,0.00200000
2018-01-17T20:18:31.555000Z,10799.98000000,0.09486214
2018-01-17T20:18:31.655000Z,10799.98000000,0.07748700
2018-01-17T20:18:31.941000Z,10799.97000000,0.01417741
2018-01-17T20:18:31.941000Z,10799.97000000,0.00102000
2018-01-17T20:18:31.941000Z,10799.97000000,0.15203890
2018-01-17T20:18:32.113000Z,10799.97000000,0.00230904
2018-01-17T20:18:33.358000Z,10791.09000000,0.00100000
2018-01-17T20:18:33.358000Z,10787.76000000,0.00100000
2018-01-17T20:18:33.358000Z,10777.00000000,0.37000000
2018-01-17T20:18:33.358000Z,10775.00000000,0.07000000
2018-01-17T20:18:33.358000Z,10765.93000000,0.00200000
2018-01-17T20:18:33.358000Z,10760.01000000,0.10000000
2018-01-17T20:18:33.358000Z,10760.01000000,0.09000000
2018-01-17T20:18:33.358000Z,10760.01000000,0.01000000
2018-01-17T20:18:33.358000Z,10760.00000000,0.17699588
2018-01-17T20:18:33.430000Z,10799.95000000,0.02138542
2018-01-17T20:18:33.445000Z,10760.00000000,0.32300412
2018-01-17T20:18:33.445000Z,10760.00000000,0.21874701
2018-01-17T20:18:33.456000Z,10795.95000000,0.03861458
2018-01-17T20:18:34.342000Z,10765.93000000,0.25000000
2018-01-17T20:18:34.342000Z,10760.00000000,0.25000000
2018-01-17T20:18:36.822000Z,10760.02000000,0.02000000
2018-01-17T20:18:36.822000Z,10760.01000000,0.11000000
2018-01-17T20:18:36.822000Z,10760.00000000,0.16809594
2018-01-17T20:18:36.822000Z,10757.42000000,0.03634471
2018-01-17T20:18:36.933000Z,10765.94000000,0.00100000
2018-01-17T20:18:36.933000Z,10765.94000000,0.01311952
2018-01-17T20:18:37.352000Z,10765.93000000,0.50000000
2018-01-17T20:18:37.352000Z,10765.94000000,0.41088048
2018-01-17T20:18:37.352000Z,10778.14000000,0.00200000
2018-01-17T20:18:37.352000Z,10779.99000000,0.01000000
2018-01-17T20:18:37.352000Z,10779.99000000,0.00363883
2018-01-17T20:18:38.187000Z,10779.98000000,0.12519602
2018-01-17T20:18:38.187000Z,10765.01000000,0.01000000
2018-01-17T20:18:38.187000Z,10765.01000000,0.00363883
2018-01-17T20:18:38.187000Z,10765.00000000,1.00000000
2018-01-17T20:18:38.187000Z,10757.43000000,0.01000000
2018-01-17T20:18:38.187000Z,10757.43000000,0.01000000
2018-01-17T20:18:38.187000Z,10757.43000000,0.15000000
2018-01-17T20:18:38.187000Z,10757.43000000,0.01000000
2018-01-17T20:18:38.187000Z,10757.42000000,0.59848327
2018-01-17T20:18:38.187000Z,10757.42000000,0.00279789
2018-01-17T20:18:38.187000Z,10757.00000000,0.20000000
2018-01-17T20:18:38.187000Z,10754.65000000,0.05583299
2018-01-17T20:18:38.187000Z,10754.03000000,0.50000000
2018-01-17T20:18:38.187000Z,10754.03000000,1.00000000
2018-01-17T20:18:38.187000Z,10754.01000000,0.00900000
2018-01-17T20:18:38.187000Z,10754.01000000,0.26825100
2018-01-17T20:18:39.028000Z,10775.97000000,0.03000000
2018-01-17T20:18:40.657000Z,10775.99000000,0.00925674
2018-01-17T20:18:43.960000Z,10769.96000000,0.01401798
2018-01-17T20:18:43.971000Z,10769.96000000,0.01477387
2018-01-17T20:18:44.448000Z,10769.96000000,0.02000000
2018-01-17T20:18:44.968000Z,10769.95000000,0.01636684
2018-01-17T20:18:44.968000Z,10769.95000000,0.08363316
2018-01-17T20:18:46.123000Z,10769.95000000,0.01000000
2018-01-17T20:18:46.777000Z,10769.96000000,0.05514393
2018-01-17T20:18:46.938000Z,10769.95000000,0.07166287
2018-01-17T20:18:46.938000Z,10757.43000000,0.01000000
2018-01-17T20:18:46.938000Z,10757.43000000,0.03000000
2018-01-17T20:18:46.938000Z,10754.96000000,0.10000000
2018-01-17T20:18:46.938000Z,10754.95000000,2.12203713
2018-01-17T20:18:46.953000Z,10754.95000000,0.09200000
2018-01-17T20:18:46.981000Z,10754.95000000,0.18910000
2018-01-17T20:18:47.077000Z,10754.95000000,0.09000000
2018-01-17T20:18:47.272000Z,10760.00000000,1.03000000
2018-01-17T20:18:47.421000Z,10767.34000000,0.08828432
2018-01-17T20:18:48.561000Z,10760.00000000,0.08313336
2018-01-17T20:18:49.313000Z,10760.00000000,1.35200000
2018-01-17T20:18:51.369000Z,10760.01000000,0.10404677
2018-01-17T20:18:51.525000Z,10760.01000000,0.20513097
2018-01-17T20:18:51.539000Z,10760.01000000,0.03000000
2018-01-17T20:18:51.565000Z,10760.01000000,0.03812807
2018-01-17T20:18:51.607000Z,10760.01000000,0.25222297
2018-01-17T20:18:51.834000Z,10760.01000000,0.79909224
2018-01-17T20:18:51.854000Z,10760.01000000,0.13051482
2018-01-17T20:18:52.051000Z,10760.01000000,0.05512863
2018-01-17T20:18:52.122000Z,10760.00000000,0.03000000
2018-01-17T20:18:53.186000Z,10760.01000000,0.05400000
2018-01-17T20:18:55.578000Z,10760.00000000,7.50486664
2018-01-17T20:18:55.578000Z,10760.00000000,0.10000000
2018-01-17T20:18:55.578000Z,10760.00000000,0.04633024
2018-01-17T20:18:55.578000Z,10760.00000000,0.21025470
2018-01-17T20:18:55.579000Z,10760.00000000,0.03974530
2018-01-17T20:18:55.626000Z,10760.00000000,0.12491156
2018-01-17T20:18:55.649000Z,10760.00000000,0.12357179
2018-01-17T20:18:55.656000Z,10760.00000000,0.02517961
2018-01-17T20:18:55.656000Z,10760.01000000,0.49771426
2018-01-17T20:18:55.656000Z,10760.01000000,0.00500000
2018-01-17T20:18:55.656000Z,10760.01000000,0.09053251
2018-01-17T20:18:56.170000Z,10756.70000000,0.18032114
2018-01-17T20:18:56.284000Z,10755.99000000,0.09003339
2018-01-17T20:18:56.450000Z,10754.95000000,0.50686287
2018-01-17T20:18:56.450000Z,10754.95000000,0.01000000
2018-01-17T20:18:56.450000Z,10754.95000000,0.16795443
2018-01-17T20:18:56.450000Z,10754.01000000,0.08276481
2018-01-17T20:18:56.926000Z,10754.01000000,1.00000010
2018-01-17T20:18:56.927000Z,10754.01000000,0.98481260
2018-01-17T20:18:57.567000Z,10754.01000000,0.10000000
2018-01-17T20:18:58.004000Z,10754.01000000,0.06417149
2018-01-17T20:18:58.004000Z,10753.00000000,0.18912782
2018-01-17T20:18:58.021000Z,10751.50000000,0.06990075
2018-01-17T20:18:58.682000Z,10751.02000000,0.08099431
2018-01-17T20:18:58.682000Z,10750.01000000,0.01600000
2018-01-17T20:18:58.682000Z,10750.00000000,0.02400000
2018-01-17T20:18:58.682000Z,10750.00000000,0.02325580
2018-01-17T20:18:58.682000Z,10750.00000000,0.09000000
2018-01-17T20:18:58.682000Z,10750.00000000,0.00500000
2018-01-17T20:18:58.682000Z,10750.00000000,0.26074989
2018-01-17T20:18:58.682000Z,10750.00000000,0.00594215
2018-01-17T20:18:58.682000Z,10750.00000000,0.23330796
2018-01-17T20:18:58.682000Z,10750.00000000,0.00280000
2018-01-17T20:18:58.682000Z,10750.00000000,0.76389204
2018-01-17T20:18:58.807000Z,10750.00000000,0.08851562
2018-01-17T20:18:58.949000Z,10751.03000000,0.04639119
2018-01-17T20:18:58.969000Z,10750.00000000,0.02780454
2018-01-17T20:18:59.122000Z,10750.00000000,0.08478780
2018-01-17T20:18:59.122000Z,10750.00000000,0.02000000
2018-01-17T20:18:59.122000Z,10750.00000000,0.06210792
2018-01-17T20:18:59.747000Z,10750.01000000,0.92791191
2018-01-17T20:18:59.865000Z,10750.00000000,0.03789208
2018-01-17T20:18:59.865000Z,10750.00000000,0.05000000
2018-01-17T20:19:01.223000Z,10741.06000000,0.02032055
2018-01-17T20:19:03.123000Z,10741.05000000,0.00102000
2018-01-17T20:19:03.123000Z,10740.70000000,0.16010000
2018-01-17T20:19:03.123000Z,10740.00000000,0.61652191
2018-01-17T20:19:03.123000Z,10740.00000000,0.88347809
2018-01-17T20:19:03.123000Z,10731.44000000,0.00232093
2018-01-17T20:19:03.123000Z,10724.00000000,0.00020384
2018-01-17T20:19:03.198000Z,10724.00000000,0.12979616
2018-01-17T20:19:03.198000Z,10723.36000000,0.01183887
2018-01-17T20:19:03.198000Z,10723.35000000,0.16814745
2018-01-17T20:19:04.826000Z,10723.35000000,0.00170260
2018-01-17T20:19:05.539000Z,10723.35000000,0.33014995
2018-01-17T20:19:05.539000Z,10719.86000000,0.16985005
2018-01-17T20:19:05.850000Z,10733.48000000,0.01000000
2018-01-17T20:19:06.064000Z,10719.86000000,0.03014995
2018-01-17T20:19:06.064000Z,10712.79000000,0.09582050
2018-01-17T20:19:08.869000Z,10723.35000000,0.11889528
2018-01-17T20:19:08.973000Z,10723.36000000,0.01000000
2018-01-17T20:19:09.635000Z,10723.35000000,0.02950472
2018-01-17T20:19:09.635000Z,10712.79000000,0.66308575
2018-01-17T20:19:10.132000Z,10712.80000000,0.00900000
2018-01-17T20:19:10.132000Z,10712.80000000,0.02100000
2018-01-17T20:19:10.246000Z,10712.80000000,0.03000062
2018-01-17T20:19:10.786000Z,10712.79000000,0.44109375
2018-01-17T20:19:10.786000Z,10705.73000000,0.04600000
2018-01-17T20:19:10.786000Z,10704.25000000,0.01000000
2018-01-17T20:19:10.786000Z,10702.91000000,0.01000000
2018-01-17T20:19:10.786000Z,10701.01000000,0.00200000
2018-01-17T20:19:10.786000Z,10701.00000000,0.19993521
2018-01-17T20:19:10.786000Z,10700.01000000,0.35000000
2018-01-17T20:19:10.786000Z,10700.00000000,0.04859813
2018-01-17T20:19:10.786000Z,10700.00000000,0.60000000
2018-01-17T20:19:10.786000Z,10700.00000000,0.30000000
2018-01-17T20:19:10.786000Z,10700.00000000,0.05000000
2018-01-17T20:19:10.786000Z,10700.00000000,0.03700000
2018-01-17T20:19:10.786000Z,10700.00000000,0.95000000
2018-01-17T20:19:10.786000Z,10700.00000000,0.01576075
2018-01-17T20:19:10.786000Z,10700.00000000,0.30000000
2018-01-17T20:19:10.786000Z,10700.00000000,0.03000000
2018-01-17T20:19:10.786000Z,10700.00000000,0.01649601
2018-01-17T20:19:10.786000Z,10699.98000000,0.00961941
2018-01-17T20:19:10.786000Z,10699.00000000,1.00000000
2018-01-17T20:19:10.786000Z,10687.00000000,0.00100099
2018-01-17T20:19:10.786000Z,10685.00000000,0.00120000
2018-01-17T20:19:10.786000Z,10683.07000000,0.00400000
2018-01-17T20:19:10.786000Z,10681.72000000,2.00000000
2018-01-17T20:19:10.786000Z,10680.00000000,0.08068820
2018-01-17T20:19:10.786000Z,10680.00000000,0.50000000
2018-01-17T20:19:10.786000Z,10677.78000000,0.00230875
2018-01-17T20:19:10.786000Z,10677.50000000,0.01000000
2018-01-17T20:19:10.786000Z,10675.00000000,0.05046838
2018-01-17T20:19:10.786000Z,10667.00000000,0.21400000
2018-01-17T20:19:10.786000Z,10666.17000000,0.10046672
2018-01-17T20:19:10.786000Z,10666.00000000,0.00100099
2018-01-17T20:19:10.786000Z,10662.38000000,0.01000000
2018-01-17T20:19:10.786000Z,10660.63000000,0.01211900
2018-01-17T20:19:10.786000Z,10660.00000000,0.03779013
2018-01-17T20:19:10.786000Z,10657.86000000,0.55845358
2018-01-17T20:19:10.786000Z,10657.86000000,0.01409638
2018-01-17T20:19:10.786000Z,10657.86000000,0.03546650
2018-01-17T20:19:10.786000Z,10657.86000000,0.10000000
2018-01-17T20:19:10.796000Z,10712.80000000,0.01300200
2018-01-17T20:19:10.896000Z,10699.44000000,0.00200000
2018-01-17T20:19:10.896000Z,10657.86000000,0.02278620
2018-01-17T20:19:12.666000Z,10706.09000000,0.00200000
2018-01-17T20:19:14.404000Z,10706.10000000,0.02000000
2018-01-17T20:19:16.481000Z,10706.10000000,0.01000000
2018-01-17T20:19:17.023000Z,10706.10000000,0.04754823
2018-01-17T20:19:17.040000Z,10706.10000000,0.08524808
2018-01-17T20:19:19.215000Z,10706.09000000,0.01780156
2018-01-17T20:19:19.215000Z,10706.09000000,0.01076116
2018-01-17T20:19:19.215000Z,10706.09000000,0.00467029
2018-01-17T20:19:19.215000Z,10706.09000000,0.20000000
2018-01-17T20:19:19.215000Z,10697.61000000,0.50000000
2018-01-17T20:19:19.215000Z,10694.58000000,0.00110000
2018-01-17T20:19:19.215000Z,10687.44000000,0.00200000
2018-01-17T20:19:19.215000Z,10687.43000000,0.18085752
2018-01-17T20:19:19.430000Z,10706.09000000,0.13975777
2018-01-17T20:19:19.485000Z,10687.43000000,0.16914248
2018-01-17T20:19:19.485000Z,10687.42000000,0.33085752
2018-01-17T20:19:19.485000Z,10687.42000000,0.27249987
2018-01-17T20:19:19.962000Z,10687.42000000,0.00800000
2018-01-17T20:19:20.054000Z,10696.76000000,0.02303840
2018-01-17T20:19:20.710000Z,10700.00000000,0.02475223
2018-01-17T20:19:20.911000Z,10687.43000000,0.01000000
2018-01-17T20:19:20.911000Z,10687.42000000,0.13226844
2018-01-17T20:19:20.911000Z,10706.10000000,0.00288832
2018-01-17T20:19:21.834000Z,10700.00000000,0.01000000
2018-01-17T20:19:22.263000Z,10687.43000000,0.02300469
2018-01-17T20:19:22.390000Z,10687.42000000,0.01711548
2018-01-17T20:19:22.488000Z,10687.42000000,0.00994108
2018-01-17T20:19:23.802000Z,10687.42000000,0.42931761
2018-01-17T20:19:23.802000Z,10681.72000000,0.04600000
2018-01-17T20:19:23.802000Z,10679.99000000,0.10000000
2018-01-17T20:19:23.802000Z,10678.83000000,0.07000000
2018-01-17T20:19:23.802000Z,10678.83000000,0.09000000
2018-01-17T20:19:23.802000Z,10678.82000000,0.42286824
2018-01-17T20:19:24.187000Z,10696.72000000,0.16491875
2018-01-17T20:19:24.243000Z,10696.72000000,0.02331336
2018-01-17T20:19:25.091000Z,10696.73000000,0.00200000
2018-01-17T20:19:25.091000Z,10703.61000000,0.00200000
2018-01-17T20:19:25.091000Z,10706.09000000,0.01017500
2018-01-17T20:19:25.091000Z,10706.09000000,0.01069400
2018-01-17T20:19:25.091000Z,10706.09000000,0.08985664
2018-01-17T20:19:26.682000Z,10706.09000000,0.19029046
2018-01-17T20:19:27.138000Z,10692.47000000,0.43500000
2018-01-17T20:19:27.138000Z,10706.08000000,0.50000000
2018-01-17T20:19:27.138000Z,10706.09000000,0.01014336
2018-01-17T20:19:27.138000Z,10706.09000000,0.09000000
2018-01-17T20:19:27.138000Z,10706.10000000,0.03974248
2018-01-17T20:19:27.849000Z,10680.00000000,0.12039913
2018-01-17T20:19:27.890000Z,10680.00000000,0.00740000
2018-01-17T20:19:28.682000Z,10690.00000000,0.02828801
2018-01-17T20:19:28.682000Z,10702.70000000,0.00139085
2018-01-17T20:19:28.992000Z,10678.84000000,0.05188598
2018-01-17T20:19:29.324000Z,10702.69000000,0.04017125
2018-01-17T20:19:29.347000Z,10702.69000000,0.03000000
2018-01-17T20:19:30.028000Z,10702.69000000,0.05827928
2018-01-17T20:19:30.035000Z,10700.00000000,0.04749045
2018-01-17T20:19:30.499000Z,10700.00000000,0.01250955
2018-01-17T20:19:30.499000Z,10680.02000000,0.50000000
2018-01-17T20:19:30.499000Z,10678.84000000,0.09000000
2018-01-17T20:19:30.499000Z,10678.83000000,0.00200000
2018-01-17T20:19:30.499000Z,10678.83000000,0.04811402
2018-01-17T20:19:30.499000Z,10678.82000000,0.15219952
2018-01-17T20:19:30.667000Z,10698.26000000,0.00200000
2018-01-17T20:19:30.667000Z,10700.01000000,0.00800000
2018-01-17T20:19:31.385000Z,10700.00000000,0.03000000
2018-01-17T20:19:31.816000Z,10699.98000000,0.02000000
2018-01-17T20:19:31.864000Z,10682.89000000,1.20000000
2018-01-17T20:19:31.864000Z,10680.02000000,0.00120000
2018-01-17T20:19:31.864000Z,10680.00000000,0.50000000
2018-01-17T20:19:31.864000Z,10678.82000000,0.74265114
2018-01-17T20:19:32.368000Z,10698.25000000,0.01000000
2018-01-17T20:19:32.523000Z,10680.03000000,0.00110000
2018-01-17T20:19:32.523000Z,10679.03000000,0.00100000
2018-01-17T20:19:32.523000Z,10678.84000000,0.11785901
2018-01-17T20:19:32.647000Z,10698.24000000,0.05555191
2018-01-17T20:19:33.026000Z,10678.85000000,0.01860000
2018-01-17T20:19:33.155000Z,10698.22000000,0.10620588
2018-01-17T20:19:33.170000Z,10698.22000000,0.39379412
2018-01-17T20:19:33.170000Z,10698.26000000,0.04015069
2018-01-17T20:19:33.183000Z,10698.26000000,0.06875933
2018-01-17T20:19:34.197000Z,10678.88000000,0.02018930
2018-01-17T20:19:34.197000Z,10678.86000000,0.02000000
2018-01-17T20:19:34.197000Z,10678.85000000,0.81970000
2018-01-17T20:19:34.197000Z,10678.84000000,0.10501521
2018-01-17T20:19:35.048000Z,10693.51000000,0.02000000
2018-01-17T20:19:35.076000Z,10693.51000000,0.01000000
2018-01-17T20:19:36.633000Z,10678.88000000,0.00125740
2018-01-17T20:19:37.069000Z,10678.89000000,0.18854305
2018-01-17T20:19:37.092000Z,10678.89000000,0.15094223
2018-01-17T20:19:37.107000Z,10678.89000000,0.04000000
2018-01-17T20:19:39.082000Z,10678.88000000,0.47453737
2018-01-17T20:19:41.616000Z,10678.89000000,0.23700000
2018-01-17T20:19:41.616000Z,10678.89000000,0.09200000
2018-01-17T20:19:42.147000Z,10690.00000000,0.01000000
2018-01-17T20:19:42.147000Z,10698.20000000,0.02000000
2018-01-17T20:19:42.265000Z,10678.91000000,0.06000000
2018-01-17T20:19:42.265000Z,10678.89000000,0.93990000
2018-01-17T20:19:42.265000Z,10678.88000000,0.00010000
2018-01-17T20:19:42.633000Z,10678.88000000,1.58816358
2018-01-17T20:19:43.253000Z,10678.90000000,0.02930118
2018-01-17T20:19:43.260000Z,10678.90000000,0.02307019
2018-01-17T20:19:43.919000Z,10679.00000000,0.01049628
2018-01-17T20:19:45.307000Z,10678.99000000,0.06000000
2018-01-17T20:19:45.736000Z,10679.00000000,0.05876571
2018-01-17T20:19:45.736000Z,10693.73000000,0.04000000
2018-01-17T20:19:45.736000Z,10698.21000000,0.01444809
2018-01-17T20:19:45.736000Z,10698.21000000,0.05474133
2018-01-17T20:19:46.608000Z,10698.21000000,0.19593367
2018-01-17T20:19:46.775000Z,10698.21000000,0.03525867
2018-01-17T20:19:46.775000Z,10698.21000000,0.18608304
2018-01-17T20:19:47.123000Z,10698.21000000,0.01275226
2018-01-17T20:19:47.123000Z,10698.21000000,0.75504486
2018-01-17T20:19:50.375000Z,10698.26000000,0.03849042
2018-01-17T20:19:50.599000Z,10698.25000000,0.36750000
2018-01-17T20:19:50.599000Z,10698.25000000,0.19883456
2018-01-17T20:19:50.599000Z,10698.25000000,2.08000000
2018-01-17T20:19:50.599000Z,10698.20000000,1.00000000
2018-01-17T20:19:50.599000Z,10698.20000000,2.00000000
2018-01-17T20:19:50.599000Z,10698.20000000,0.51029573
2018-01-17T20:19:50.599000Z,10694.89000000,0.00200000
2018-01-17T20:19:50.599000Z,10690.16000000,0.50000000
2018-01-17T20:19:50.599000Z,10687.58000000,0.34136971
2018-01-17T20:19:58.094000Z,10698.23000000,0.09324030
2018-01-17T20:19:58.348000Z,10698.23000000,0.00330900
2018-01-17T20:19:59.531000Z,10698.22000000,0.00100000
2018-01-17T20:19:59.531000Z,10698.22000000,0.05521000
2018-01-17T20:19:59.579000Z,10698.23000000,0.10228526
2018-01-17T20:19:59.579000Z,10698.23000000,0.00100000
2018-01-17T20:19:59.579000Z,10698.26000000,0.10242494
2018-01-17T20:20:01.572000Z,10698.25000000,0.23437846
2018-01-17T20:20:02.360000Z,10698.26000000,0.01443343
2018-01-17T20:20:02.384000Z,10698.26000000,0.03576243
2018-01-17T20:20:02.391000Z,10698.26000000,0.02980413
2018-01-17T20:20:05.669000Z,10698.26000000,0.00932400
2018-01-17T20:20:06.976000Z,10698.26000000,1.66085063
2018-01-17T20:20:06.976000Z,10698.26000000,0.33914937
2018-01-17T20:20:07.079000Z,10698.26000000,0.11502908
2018-01-17T20:20:07.101000Z,10698.26000000,0.05991858
2018-01-17T20:20:07.123000Z,10698.26000000,0.03337080
2018-01-17T20:20:07.140000Z,10698.26000000,0.08810238
2018-01-17T20:20:07.153000Z,10698.26000000,0.04068927
2018-01-17T20:20:07.161000Z,10698.26000000,0.11639496
2018-01-17T20:20:07.210000Z,10698.26000000,0.00200000
2018-01-17T20:20:08.260000Z,10698.26000000,0.01000000
2018-01-17T20:20:08.349000Z,10698.26000000,0.48077736
2018-01-17T20:20:09.219000Z,10698.26000000,0.01000000
2018-01-17T20:20:09.470000Z,10698.26000000,0.22924866
2018-01-17T20:20:09.697000Z,10698.26000000,0.14460522
2018-01-17T20:20:10.726000Z,10698.26000000,0.01234687
2018-01-17T20:20:10.891000Z,10698.26000000,0.04703494
2018-01-17T20:20:10.956000Z,10698.26000000,0.09697199
2018-01-17T20:20:11.416000Z,10698.26000000,0.04000000
2018-01-17T20:20:11.832000Z,10698.26000000,0.03938611
2018-01-17T20:20:12.456000Z,10698.26000000,0.88481818
2018-01-17T20:20:12.790000Z,10698.26000000,0.69010126
2018-01-17T20:20:13.035000Z,10698.26000000,0.22600354
2018-01-17T20:20:13.110000Z,10698.25000000,0.00100000
2018-01-17T20:20:13.699000Z,10698.26000000,0.10445372
2018-01-17T20:20:13.731000Z,10698.25000000,0.01791070
2018-01-17T20:20:13.948000Z,10698.26000000,0.01216253
2018-01-17T20:20:13.982000Z,10698.26000000,0.33093615
2018-01-17T20:20:13.999000Z,10698.26000000,0.67454230
2018-01-17T20:20:14.142000Z,10698.26000000,0.17195673
2018-01-17T20:20:14.142000Z,10698.26000000,1.00000000
2018-01-17T20:20:14.233000Z,10699.98000000,0.00200000
2018-01-17T20:20:14.233000Z,10700.00000000,0.10000000
2018-01-17T20:20:14.233000Z,10700.00000000,0.39800000
2018-01-17T20:20:14.233000Z,10700.00000000,0.00801361
2018-01-17T20:20:14.311000Z,10700.00000000,0.49465660
2018-01-17T20:20:14.311000Z,10700.00000000,0.00534340
2018-01-17T20:20:14.425000Z,10700.00000000,0.01465660
2018-01-17T20:20:14.425000Z,10700.00000000,0.00122188
2018-01-17T20:20:15.357000Z,10700.00000000,0.95339417
2018-01-17T20:20:15.357000Z,10700.00000000,0.77864768
2018-01-17T20:20:15.434000Z,10700.00000000,2.72670000
2018-01-17T20:20:15.534000Z,10700.00000000,0.00014110
2018-01-17T20:20:15.534000Z,10706.10000000,0.45736920
2018-01-17T20:20:15.534000Z,10706.10000000,0.00960133
2018-01-17T20:20:15.534000Z,10706.10000000,0.44778837
2018-01-17T20:20:15.541000Z,10706.10000000,0.00028743
2018-01-17T20:20:15.541000Z,10706.32000000,0.32061257
2018-01-17T20:20:15.578000Z,10706.32000000,0.05465716
2018-01-17T20:20:15.638000Z,10706.32000000,0.09814227
2018-01-17T20:20:15.638000Z,10707.00000000,0.00468288
2018-01-17T20:20:15.638000Z,10707.00000000,0.05000000
2018-01-17T20:20:15.638000Z,10707.60000000,0.00110000
2018-01-17T20:20:15.638000Z,10708.60000000,0.00120000
2018-01-17T20:20:15.638000Z,10712.80000000,0.01000000
2018-01-17T20:20:15.638000Z,10712.80000000,0.28004332
2018-01-17T20:20:15.638000Z,10719.66000000,0.00200000
2018-01-17T20:20:15.638000Z,10720.00000000,0.01847527
2018-01-17T20:20:16.164000Z,10712.79000000,0.03938611
2018-01-17T20:20:16.179000Z,10712.79000000,0.46061389
2018-01-17T20:20:16.179000Z,10714.75000000,0.00120000
2018-01-17T20:20:16.179000Z,10725.00000000,0.00802697
2018-01-17T20:20:16.179000Z,10725.15000000,0.00200000
2018-01-17T20:20:16.179000Z,10730.00000000,0.01000000
2018-01-17T20:20:16.179000Z,10731.44000000,0.00230875
2018-01-17T20:20:16.179000Z,10732.75000000,0.73201444
2018-01-17T20:20:16.313000Z,10732.74000000,0.01000000
2018-01-17T20:20:16.313000Z,10732.76000000,0.10000000
2018-01-17T20:20:16.313000Z,10732.76000000,0.09000000
2018-01-17T20:20:16.313000Z,10732.77000000,0.13093615
2018-01-17T20:20:16.497000Z,10725.05000000,0.28833221
2018-01-17T20:20:16.681000Z,10725.05000000,0.09786854
2018-01-17T20:20:16.994000Z,10719.42000000,0.01040166
2018-01-17T20:20:17.403000Z,10701.02000000,0.02694280
2018-01-17T20:20:17.621000Z,10731.13000000,0.03000000
2018-01-17T20:20:17.621000Z,10732.73000000,0.46702099
2018-01-17T20:20:19.612000Z,10716.08000000,0.01698521
2018-01-17T20:20:20.001000Z,10730.00000000,0.33102921
2018-01-17T20:20:20.807000Z,10728.04000000,0.00200000
2018-01-17T20:20:20.807000Z,10732.74000000,0.04000000
2018-01-17T20:20:20.807000Z,10732.77000000,0.12433056
2018-01-17T20:20:21.274000Z,10732.76000000,0.03000000
2018-01-17T20:20:21.279000Z,10732.76000000,0.69463601
2018-01-17T20:20:21.875000Z,10724.43000000,0.01484784
2018-01-17T20:20:23.937000Z,10716.09000000,0.03311906
2018-01-17T20:20:25.025000Z,10716.09000000,0.01000000
2018-01-17T20:20:25.157000Z,10716.09000000,0.09308490
2018-01-17T20:20:25.488000Z,10716.09000000,0.09308490
2018-01-17T20:20:25.971000Z,10716.09000000,0.03427702
2018-01-17T20:20:26.521000Z,10716.09000000,0.12070040
2018-01-17T20:20:26.686000Z,10716.09000000,0.15824434
2018-01-17T20:20:27.357000Z,10716.09000000,0.12437206
2018-01-17T20:20:28.247000Z,10716.09000000,0.18416193
2018-01-17T20:20:28.812000Z,10716.09000000,0.06000000
2018-01-17T20:20:28.847000Z,10716.09000000,0.07699948
2018-01-17T20:20:29.005000Z,10716.09000000,0.01195591
2018-01-17T20:20:29.005000Z,10716.09000000,0.38780000
2018-01-17T20:20:29.005000Z,10728.81000000,0.00574409
2018-01-17T20:20:29.256000Z,10732.09000000,0.00200000
2018-01-17T20:20:29.256000Z,10735.98000000,0.12237206
2018-01-17T20:20:29.471000Z,10735.98000000,0.18416193
2018-01-17T20:20:29.565000Z,10735.98000000,0.03656360
2018-01-17T20:20:29.758000Z,10735.98000000,0.01214306
2018-01-17T20:20:30.268000Z,10735.98000000,0.14475935
2018-01-17T20:20:30.268000Z,10735.98000000,0.01534725
2018-01-17T20:20:30.491000Z,10735.98000000,0.01327997
2018-01-17T20:20:31.229000Z,10735.98000000,0.04000000
2018-01-17T20:20:31.254000Z,10735.98000000,0.42562869
2018-01-17T20:20:31.254000Z,10735.98000000,0.34136971
2018-01-17T20:20:31.254000Z,10735.98000000,0.14911838
2018-01-17T20:20:31.358000Z,10735.98000000,0.04002590
2018-01-17T20:20:32.005000Z,10735.98000000,0.01000629
2018-01-17T20:20:32.735000Z,10735.98000000,0.18765137
2018-01-17T20:20:32.740000Z,10735.98000000,0.03706139
2018-01-17T20:20:32.745000Z,10735.98000000,0.06780285
2018-01-17T20:20:32.771000Z,10735.98000000,0.00250152
2018-01-17T20:20:33.065000Z,10735.98000000,0.46456226
2018-01-17T20:20:34.053000Z,10735.97000000,0.10000000
2018-01-17T20:20:35.368000Z,10735.98000000,0.02977818
2018-01-17T20:20:35.443000Z,10735.98000000,0.03124552
2018-01-17T20:20:35.537000Z,10735.98000000,0.01000000
2018-01-17T20:20:35.946000Z,10735.98000000,0.01503352
2018-01-17T20:20:35.983000Z,10735.98000000,0.02787373
2018-01-17T20:20:36.236000Z,10735.98000000,0.00929124
2018-01-17T20:20:36.785000Z,10735.98000000,0.00375830
2018-01-17T20:20:38.181000Z,10735.98000000,0.02210849
2018-01-17T20:20:38.813000Z,10735.98000000,0.00792410
2018-01-17T20:20:39.073000Z,10735.98000000,0.01000000
2018-01-17T20:20:39.135000Z,10735.97000000,0.01113179
2018-01-17T20:20:39.319000Z,10735.97000000,0.08526779
2018-01-17T20:20:39.319000Z,10735.97000000,0.14955716
2018-01-17T20:20:39.319000Z,10735.97000000,0.14955716
2018-01-17T20:20:39.319000Z,10735.97000000,0.14955716
2018-01-17T20:20:39.319000Z,10735.97000000,0.17759914
2018-01-17T20:20:39.319000Z,10735.97000000,0.14955716
2018-01-17T20:20:39.319000Z,10735.97000000,0.17759914
2018-01-17T20:20:39.319000Z,10735.97000000,0.09000000
2018-01-17T20:20:39.319000Z,10735.97000000,0.01000000
2018-01-17T20:20:39.319000Z,10735.97000000,0.10000000
2018-01-17T20:20:39.319000Z,10735.97000000,0.82536923
2018-01-17T20:20:40.232000Z,10735.97000000,0.20000000
2018-01-17T20:20:40.413000Z,10735.98000000,0.02000000
2018-01-17T20:20:41.015000Z,10735.98000000,0.01101524
2018-01-17T20:20:41.373000Z,10735.97000000,0.39537587
2018-01-17T20:20:41.578000Z,10735.98000000,0.00092912
2018-01-17T20:20:43.626000Z,10735.98000000,0.48964577
2018-01-17T20:20:43.988000Z,10735.97000000,1.03889839
2018-01-17T20:20:44.227000Z,10735.98000000,0.02116289
2018-01-17T20:20:44.244000Z,10735.98000000,0.02397639
2018-01-17T20:20:44.254000Z,10735.98000000,0.04486072
2018-01-17T20:20:49.443000Z,10735.98000000,0.02000000
2018-01-17T20:20:49.979000Z,10735.98000000,0.38672192
2018-01-17T20:20:51.109000Z,10735.98000000,0.03002092
2018-01-17T20:20:51.132000Z,10735.98000000,0.04408294
2018-01-17T20:20:51.143000Z,10735.98000000,0.09091963
2018-01-17T20:20:51.321000Z,10735.98000000,0.03377651
2018-01-17T20:20:51.365000Z,10735.97000000,0.37050750
2018-01-17T20:20:51.574000Z,10735.98000000,0.01000000
2018-01-17T20:20:52.661000Z,10735.98000000,0.01000000
2018-01-17T20:20:52.861000Z,10735.98000000,0.16075037
2018-01-17T20:20:52.874000Z,10735.98000000,0.00471530
2018-01-17T20:20:53.954000Z,10735.98000000,0.82453433
2018-01-17T20:20:53.954000Z,10735.98000000,0.13044866
2018-01-17T20:20:54.311000Z,10735.98000000,0.30567226
2018-01-17T20:20:54.650000Z,10735.98000000,0.03000000
2018-01-17T20:20:55.315000Z,10735.98000000,0.00700000
2018-01-17T20:20:55.315000Z,10735.98000000,0.05315113
2018-01-17T20:20:55.584000Z,10735.98000000,0.05367459
2018-01-17T20:20:55.950000Z,10735.98000000,0.02316371
2018-01-17T20:20:55.950000Z,10735.98000000,0.05091741
2018-01-17T20:20:56.410000Z,10735.98000000,0.12161588
2018-01-17T20:20:56.529000Z,10735.98000000,0.01726671
2018-01-17T20:20:56.529000Z,10735.99000000,0.10000000
2018-01-17T20:20:56.529000Z,10736.00000000,0.00101000
2018-01-17T20:20:56.529000Z,10736.00000000,0.00627046
2018-01-17T20:20:56.979000Z,10736.00000000,0.00372954
2018-01-17T20:20:56.979000Z,10736.69000000,0.00627046
2018-01-17T20:21:00.556000Z,10736.69000000,0.02669962
2018-01-17T20:21:02.634000Z,10736.69000000,0.28745571
2018-01-17T20:21:02.894000Z,10736.69000000,0.09290630
2018-01-17T20:21:03.455000Z,10736.69000000,0.07553885
2018-01-17T20:21:04.189000Z,10736.69000000,0.01000000
2018-01-17T20:21:04.443000Z,10736.69000000,0.21879405
2018-01-17T20:21:04.443000Z,10736.69000000,0.00100000
2018-01-17T20:21:04.443000Z,10740.00000000,0.02940050
2018-01-17T20:21:04.443000Z,10740.00000000,0.00100000
2018-01-17T20:21:04.443000Z,10740.00000000,0.26454388
2018-01-17T20:21:04.443000Z,10750.00000000,0.07091652
2018-01-17T20:21:04.443000Z,10750.00000000,0.41028780
2018-01-17T20:21:04.443000Z,10750.00000000,0.01000000
2018-01-17T20:21:04.443000Z,10750.00000000,0.01000000
2018-01-17T20:21:04.443000Z,10750.00000000,0.67440000
2018-01-17T20:21:04.443000Z,10750.00000000,0.01576075
2018-01-17T20:21:04.443000Z,10750.00000000,0.01534624
2018-01-17T20:21:04.443000Z,10750.00000000,0.28338835
2018-01-17T20:21:05.471000Z,10750.00000000,0.00612979
2018-01-17T20:21:06.338000Z,10750.00000000,0.05433792
2018-01-17T20:21:06.493000Z,10750.00000000,0.01566208
2018-01-17T20:21:07.074000Z,10750.00000000,0.04981870
2018-01-17T20:21:07.300000Z,10750.00000000,0.25645548
2018-01-17T20:21:07.871000Z,10750.00000000,0.03555804
2018-01-17T20:21:08.509000Z,10750.00000000,0.00888935
2018-01-17T20:21:09.740000Z,10750.00000000,0.02464769
2018-01-17T20:21:10.403000Z,10750.00000000,0.02445885
2018-01-17T20:21:10.749000Z,10750.00000000,0.00185582
2018-01-17T20:21:11.629000Z,10750.00000000,0.23879793
2018-01-17T20:21:11.629000Z,10750.00000000,0.00500000
2018-01-17T20:21:11.629000Z,10751.02000000,1.00000000
2018-01-17T20:21:11.629000Z,10752.09000000,0.01600000
2018-01-17T20:21:11.629000Z,10752.10000000,2.00000000
2018-01-17T20:21:11.629000Z,10753.00000000,0.02000000
2018-01-17T20:21:11.629000Z,10755.00000000,0.01000000
2018-01-17T20:21:11.629000Z,10762.99000000,0.51000000
2018-01-17T20:21:11.629000Z,10766.73000000,1.20000000
2018-01-17T20:21:11.629000Z,10767.77000000,0.00200000
2018-01-17T20:21:11.629000Z,10770.00000000,0.01000000
2018-01-17T20:21:11.629000Z,10770.00000000,2.80948877
2018-01-17T20:21:11.817000Z,10770.00000000,0.03000000
2018-01-17T20:21:12.295000Z,10769.99000000,1.20000000
2018-01-17T20:21:12.295000Z,10770.00000000,0.18928556
2018-01-17T20:21:12.461000Z,10770.00000000,0.00092618
2018-01-17T20:21:13.083000Z,10770.00000000,0.01000000
2018-01-17T20:21:14.105000Z,10770.00000000,0.06000000
2018-01-17T20:21:14.661000Z,10770.00000000,0.06000000
2018-01-17T20:21:14.977000Z,10770.00000000,0.14883867
2018-01-17T20:21:15.677000Z,10770.00000000,0.10002848
2018-01-17T20:21:15.912000Z,10770.00000000,0.05695112
2018-01-17T20:21:15.936000Z,10770.00000000,0.02304888
2018-01-17T20:21:16.249000Z,10770.00000000,0.01000000
2018-01-17T20:21:16.771000Z,10770.00000000,0.07482048
2018-01-17T20:21:16.785000Z,10770.00000000,0.05805544
2018-01-17T20:21:16.791000Z,10770.00000000,0.04676431
2018-01-17T20:21:16.806000Z,10770.00000000,0.03997729
2018-01-17T20:21:17.025000Z,10770.00000000,0.10038248
2018-01-17T20:21:17.194000Z,10769.99000000,0.18659350
2018-01-17T20:21:17.506000Z,10770.00000000,0.76410644
2018-01-17T20:21:17.673000Z,10770.00000000,0.01000000
2018-01-17T20:21:18.317000Z,10770.00000000,0.02000000
2018-01-17T20:21:19.796000Z,10770.00000000,0.04000000
2018-01-17T20:21:25.789000Z,10769.99000000,0.01000000
2018-01-17T20:21:25.959000Z,10770.00000000,0.01000000
2018-01-17T20:21:27.864000Z,10770.00000000,0.16671413
2018-01-17T20:21:28.718000Z,10770.00000000,0.03704758
2018-01-17T20:21:29.067000Z,10769.99000000,0.43714797
2018-01-17T20:21:30.806000Z,10769.99000000,0.14741554
2018-01-17T20:21:31.562000Z,10770.00000000,0.13356419
2018-01-17T20:21:31.562000Z,10770.00000000,1.71881507
2018-01-17T20:21:32.906000Z,10770.00000000,0.01000000
2018-01-17T20:21:32.995000Z,10770.00000000,0.03000000
2018-01-17T20:21:33.770000Z,10770.00000000,0.02000000
2018-01-17T20:21:33.900000Z,10770.00000000,0.09261896
2018-01-17T20:21:33.975000Z,10769.99000000,0.09303000
2018-01-17T20:21:34.307000Z,10769.99000000,0.04651500
2018-01-17T20:21:34.455000Z,10770.00000000,0.01000000
2018-01-17T20:21:34.884000Z,10770.00000000,0.03227029
2018-01-17T20:21:35.321000Z,10770.00000000,0.01000000
2018-01-17T20:21:36.016000Z,10770.00000000,0.00267113
2018-01-17T20:21:36.321000Z,10770.00000000,0.00879900
2018-01-17T20:21:36.571000Z,10770.00000000,0.07409517
2018-01-17T20:21:37.628000Z,10770.00000000,0.02600388
2018-01-17T20:21:37.633000Z,10770.00000000,0.00411566
2018-01-17T20:21:37.633000Z,10770.00000000,0.05000000
2018-01-17T20:21:37.633000Z,10770.00000000,0.00988046
2018-01-17T20:21:39.203000Z,10770.00000000,0.09010000
2018-01-17T20:21:39.253000Z,10770.00000000,0.00001954
2018-01-17T20:21:39.304000Z,10775.00000000,0.04067685
2018-01-17T20:21:39.890000Z,10775.00000000,0.20932315
2018-01-17T20:21:39.890000Z,10775.00000000,0.07497685
2018-01-17T20:21:40.809000Z,10775.00000000,0.00002315
2018-01-17T20:21:40.809000Z,10777.00000000,0.02997685
2018-01-17T20:21:41.124000Z,10777.00000000,0.01000000
2018-01-17T20:21:41.289000Z,10777.00000000,0.01000000
2018-01-17T20:21:41.805000Z,10777.00000000,0.00002315
2018-01-17T20:21:41.805000Z,10780.00000000,0.01197665
2018-01-17T20:21:41.805000Z,10780.00000000,0.26097549
2018-01-17T20:21:41.805000Z,10780.00000000,0.94785741
2018-01-17T20:21:41.805000Z,10785.37000000,0.00232093
2018-01-17T20:21:41.805000Z,10787.79000000,0.33333000
2018-01-17T20:21:41.805000Z,10788.00000000,0.21400000
2018-01-17T20:21:41.805000Z,10788.88000000,1.00000000
2018-01-17T20:21:41.805000Z,10789.00000000,0.00200000
2018-01-17T20:21:41.805000Z,10790.00000000,0.01000000
2018-01-17T20:21:41.805000Z,10790.00000000,0.04668637
2018-01-17T20:21:41.805000Z,10790.46000000,0.51000000
2018-01-17T20:21:41.805000Z,10791.10000000,0.00101000
2018-01-17T20:21:41.805000Z,10791.10000000,2.00000000
2018-01-17T20:21:41.805000Z,10796.00000000,0.04700000
2018-01-17T20:21:41.805000Z,10798.50000000,1.00000000
2018-01-17T20:21:41.805000Z,10799.00000000,0.94617527
2018-01-17T20:21:41.805000Z,10799.00000000,0.02500000
2018-01-17T20:21:41.805000Z,10799.00000000,0.19993521
2018-01-17T20:21:41.805000Z,10799.00000000,0.07854157
2018-01-17T20:21:41.805000Z,10799.00000000,0.00158097
2018-01-17T20:21:41.805000Z,10799.96000000,0.20059780
2018-01-17T20:21:42.955000Z,10799.96000000,0.19456093
2018-01-17T20:21:43.574000Z,10799.96000000,0.01000000
2018-01-17T20:21:43.729000Z,10799.96000000,0.00467347
2018-01-17T20:21:43.988000Z,10799.96000000,0.06000000
2018-01-17T20:21:44.246000Z,10799.96000000,0.02770860
2018-01-17T20:21:44.416000Z,10799.96000000,0.05000000
2018-01-17T20:21:46.450000Z,10799.96000000,0.02000000
2018-01-17T20:21:48.674000Z,10799.95000000,0.05000000
2018-01-17T20:21:48.710000Z,10799.95000000,0.00267114
2018-01-17T20:21:49.001000Z,10799.95000000,0.48672886
2018-01-17T20:21:49.001000Z,10799.95000000,0.32000000
2018-01-17T20:21:49.001000Z,10799.95000000,0.14825413
2018-01-17T20:21:49.254000Z,10799.95000000,0.46535265
2018-01-17T20:21:49.900000Z,10799.96000000,0.01000000
2018-01-17T20:21:50.376000Z,10799.96000000,0.06000000
2018-01-17T20:21:51.571000Z,10799.96000000,0.00978760
2018-01-17T20:21:51.703000Z,10799.96000000,0.92362030
2018-01-17T20:21:52.347000Z,10799.96000000,0.00923620
2018-01-17T20:21:53.798000Z,10799.95000000,0.03955369
2018-01-17T20:21:53.798000Z,10799.95000000,0.01044631
2018-01-17T20:21:55.383000Z,10799.96000000,0.01000000
2018-01-17T20:21:55.483000Z,10799.96000000,0.06000000
2018-01-17T20:21:55.797000Z,10799.96000000,0.02000000
2018-01-17T20:21:56.011000Z,10799.96000000,0.00461810
2018-01-17T20:21:57.373000Z,10799.96000000,2.92592097
2018-01-17T20:21:57.373000Z,10799.96000000,0.00110000
2018-01-17T20:21:57.373000Z,10799.96000000,0.76746024
2018-01-17T20:21:57.544000Z,10799.97000000,0.01000000
2018-01-17T20:21:58.322000Z,10799.97000000,0.02700000
2018-01-17T20:21:58.322000Z,10799.97000000,0.05943877
2018-01-17T20:21:58.332000Z,10799.96000000,0.50000000
2018-01-17T20:21:58.332000Z,10799.96000000,0.44865444
2018-01-17T20:21:58.332000Z,10799.96000000,1.22558635
2018-01-17T20:21:58.565000Z,10799.97000000,0.06000000
2018-01-17T20:21:58.978000Z,10799.96000000,0.05000000
2018-01-17T20:21:59.943000Z,10799.97000000,0.01000000
2018-01-17T20:22:00.371000Z,10799.97000000,0.59025193
2018-01-17T20:22:01.017000Z,10799.97000000,0.04000000
2018-01-17T20:22:02.424000Z,10799.97000000,0.39819451
2018-01-17T20:22:03.381000Z,10799.97000000,0.12000000
2018-01-17T20:22:04.103000Z,10799.96000000,0.05000000
2018-01-17T20:22:04.601000Z,10799.96000000,0.01600000
2018-01-17T20:22:05.646000Z,10799.97000000,0.06000000
2018-01-17T20:22:06.683000Z,10799.96000000,0.10000000
2018-01-17T20:22:06.853000Z,10799.97000000,0.06412607
2018-01-17T20:22:06.853000Z,10799.98000000,0.12059770
2018-01-17T20:22:07.137000Z,10799.98000000,0.02104818
2018-01-17T20:22:07.137000Z,10799.98000000,0.00895182
2018-01-17T20:22:08.150000Z,10799.98000000,0.01000000
2018-01-17T20:22:08.677000Z,10799.98000000,0.01000000
2018-01-17T20:22:09.199000Z,10799.97000000,0.05000000
2018-01-17T20:22:10.314000Z,10799.98000000,0.17104818
2018-01-17T20:22:10.314000Z,10799.98000000,0.01367553
2018-01-17T20:22:11.689000Z,10799.98000000,0.02000000
2018-01-17T20:22:11.689000Z,10799.97000000,0.03667462
2018-01-17T20:22:11.938000Z,10799.98000000,0.09087164
2018-01-17T20:22:11.938000Z,10799.98000000,0.02912836
2018-01-17T20:22:12.884000Z,10799.98000000,0.01000000
2018-01-17T20:22:13.261000Z,10799.98000000,0.02000000
2018-01-17T20:22:13.266000Z,10799.98000000,0.01847237
2018-01-17T20:22:14.303000Z,10799.97000000,0.05000000
2018-01-17T20:22:15.430000Z,10799.98000000,0.01000000
2018-01-17T20:22:15.904000Z,10799.98000000,0.42269500
2018-01-17T20:22:15.904000Z,10799.98000000,0.03911429
2018-01-17T20:22:16.600000Z,10799.98000000,0.06621606
2018-01-17T20:22:16.936000Z,10799.98000000,0.12404000
2018-01-17T20:22:16.943000Z,10799.98000000,0.16596000
2018-01-17T20:22:18.628000Z,10799.98000000,0.14898424
2018-01-17T20:22:19.003000Z,10799.97000000,0.36332538
2018-01-17T20:22:19.003000Z,10799.97000000,1.24000000
2018-01-17T20:22:19.003000Z,10799.97000000,0.14903171
2018-01-17T20:22:19.003000Z,10799.97000000,0.14903171
2018-01-17T20:22:19.003000Z,10799.97000000,0.17697516
2018-01-17T20:22:19.003000Z,10799.97000000,0.14903171
2018-01-17T20:22:19.003000Z,10799.97000000,0.10812841
2018-01-17T20:22:19.024000Z,10799.98000000,0.01000000
2018-01-17T20:22:19.540000Z,10799.97000000,0.04090330
2018-01-17T20:22:19.540000Z,10799.97000000,0.00909670
2018-01-17T20:22:20.427000Z,10799.98000000,0.00277085
2018-01-17T20:22:20.508000Z,10799.98000000,0.08540021
2018-01-17T20:22:20.525000Z,10799.98000000,0.35751435
2018-01-17T20:22:20.525000Z,10799.99000000,0.12324110
2018-01-17T20:22:20.533000Z,10799.99000000,0.02653443
2018-01-17T20:22:20.543000Z,10799.99000000,0.02978026
2018-01-17T20:22:20.570000Z,10799.99000000,0.34653948
2018-01-17T20:22:20.611000Z,10799.99000000,0.03099017
2018-01-17T20:22:21.473000Z,10799.99000000,0.04000000
2018-01-17T20:22:23.525000Z,10799.99000000,0.10452581
2018-01-17T20:22:24.709000Z,10799.98000000,0.05000000
2018-01-17T20:22:25.364000Z,10799.99000000,0.76947609
2018-01-17T20:22:25.573000Z,10799.99000000,1.00212524
2018-01-17T20:22:27.693000Z,10799.99000000,17.34406388
2018-01-17T20:22:27.693000Z,10799.99000000,0.39437477
2018-01-17T20:22:27.693000Z,10799.99000000,0.04851037
2018-01-17T20:22:27.693000Z,10799.99000000,0.03959803
2018-01-17T20:22:27.693000Z,10799.99000000,0.03370900
2018-01-17T20:22:27.693000Z,10800.00000000,3.26637954
2018-01-17T20:22:27.693000Z,10800.00000000,0.05000000
2018-01-17T20:22:27.693000Z,10800.00000000,0.01000000
2018-01-17T20:22:27.693000Z,10800.00000000,0.10000000
2018-01-17T20:22:27.693000Z,10800.00000000,0.10000000
2018-01-17T20:22:27.693000Z,10800.00000000,0.20000000
2018-01-17T20:22:27.693000Z,10800.00000000,0.07356235
2018-01-17T20:22:27.693000Z,10800.00000000,0.00900000
2018-01-17T20:22:27.693000Z,10800.00000000,2.13100000
2018-01-17T20:22:27.693000Z,10800.00000000,0.03000000
2018-01-17T20:22:27.693000Z,10800.00000000,0.06992558
2018-01-17T20:22:27.693000Z,10800.00000000,0.25000000
2018-01-17T20:22:27.693000Z,10800.00000000,0.01312751
2018-01-17T20:22:27.693000Z,10800.00000000,0.20000000
2018-01-17T20:22:27.693000Z,10800.00000000,0.10000000
2018-01-17T20:22:27.693000Z,10800.00000000,0.01000000
2018-01-17T20:22:27.693000Z,10800.00000000,0.00200000
2018-01-17T20:22:27.693000Z,10800.00000000,0.12585066
2018-01-17T20:22:27.693000Z,10800.00000000,0.00500000
2018-01-17T20:22:27.693000Z,10800.00000000,0.00100000
2018-01-17T20:22:27.693000Z,10800.00000000,0.10000000
2018-01-17T20:22:27.693000Z,10800.00000000,2.00000000
2018-01-17T20:22:27.694000Z,10800.00000000,0.28685420
2018-01-17T20:22:27.694000Z,10800.00000000,0.51315551
2018-01-17T20:22:27.694000Z,10800.00000000,0.00200000
2018-01-17T20:22:27.694000Z,10800.00000000,0.10000000
2018-01-17T20:22:27.694000Z,10800.00000000,0.01306339
2018-01-17T20:22:27.694000Z,10800.00000000,0.06000000
2018-01-17T20:22:27.694000Z,10800.00000000,0.28219605
2018-01-17T20:22:27.694000Z,10800.00000000,0.41601665
2018-01-17T20:22:27.694000Z,10800.00000000,0.02400000
2018-01-17T20:22:27.694000Z,10800.00000000,0.18555123
2018-01-17T20:22:27.694000Z,10800.00000000,0.10000000
2018-01-17T20:22:27.694000Z,10800.00000000,0.00300000
2018-01-17T20:22:27.694000Z,10800.00000000,1.00000000
2018-01-17T20:22:27.694000Z,10800.00000000,0.00625188
2018-01-17T20:22:27.694000Z,10800.00000000,0.15000000
2018-01-17T20:22:27.694000Z,10800.00000000,0.01327997
2018-01-17T20:22:27.694000Z,10800.00000000,0.10000000
2018-01-17T20:22:27.694000Z,10800.00000000,0.05000000
2018-01-17T20:22:27.694000Z,10800.00000000,0.73704566
2018-01-17T20:22:27.694000Z,10800.00000000,0.33000000
2018-01-17T20:22:27.694000Z,10800.00000000,0.05000000
2018-01-17T20:22:27.694000Z,10800.00000000,1.00000000
2018-01-17T20:22:27.694000Z,10800.00000000,0.01698521
2018-01-17T20:22:27.694000Z,10800.70000000,0.00100000
2018-01-17T20:22:27.694000Z,10801.00000000,0.01000000
2018-01-17T20:22:27.694000Z,10801.00000000,0.10000000
2018-01-17T20:22:27.694000Z,10801.00000000,0.12000000
2018-01-17T20:22:27.694000Z,10801.39000000,0.51000000
2018-01-17T20:22:27.694000Z,10802.63000000,0.00556619
2018-01-17T20:22:27.694000Z,10804.58000000,0.20000000
2018-01-17T20:22:27.694000Z,10805.38000000,0.00100000
2018-01-17T20:22:27.694000Z,10805.85000000,0.00346713
2018-01-17T20:22:27.694000Z,10806.66000000,0.00100000
2018-01-17T20:22:27.694000Z,10807.30000000,0.00100000
2018-01-17T20:22:27.694000Z,10810.00000000,0.01000000
2018-01-17T20:22:27.694000Z,10810.25000000,0.10000000
2018-01-17T20:22:27.694000Z,10812.38000000,0.01000000
2018-01-17T20:22:27.694000Z,10812.65000000,0.03800000
2018-01-17T20:22:27.694000Z,10813.00000000,0.12500000
2018-01-17T20:22:27.694000Z,10813.94000000,0.00709464
2018-01-17T20:22:27.694000Z,10814.00000000,2.00000000
2018-01-17T20:22:27.694000Z,10816.00000000,0.00400000
2018-01-17T20:22:27.694000Z,10816.48000000,0.33333000
2018-01-17T20:22:27.694000Z,10817.30000000,0.00129700
2018-01-17T20:22:27.694000Z,10818.77000000,10.43087002
2018-01-17T20:22:27.694000Z,10818.77000000,0.02912998
2018-01-17T20:22:27.694000Z,10819.44000000,0.00110000
2018-01-17T20:22:27.694000Z,10820.00000000,0.15415531
2018-01-17T20:22:27.694000Z,10820.00000000,0.81305331
2018-01-17T20:22:28.416000Z,10820.00000000,0.02205765
2018-01-17T20:22:28.933000Z,10820.00000000,0.91073373
2018-01-17T20:22:28.933000Z,10820.00000000,0.64889861
2018-01-17T20:22:29.128000Z,10820.00000000,0.49440723
2018-01-17T20:22:29.538000Z,10820.00000000,4.85669416
2018-01-17T20:22:29.538000Z,10820.00000000,0.10000000
2018-01-17T20:22:29.538000Z,10820.00000000,0.01000000
2018-01-17T20:22:29.538000Z,10820.00000000,1.00000000
2018-01-17T20:22:29.538000Z,10820.50000000,2.23945580
2018-01-17T20:22:29.538000Z,10821.09000000,0.00100000
2018-01-17T20:22:29.538000Z,10822.00000000,10.00000000
2018-01-17T20:22:29.538000Z,10822.00000000,1.00000000
2018-01-17T20:22:29.538000Z,10822.00000000,0.00200000
2018-01-17T20:22:29.538000Z,10824.00000000,0.10000000
2018-01-17T20:22:29.538000Z,10824.00000000,0.23830000
2018-01-17T20:22:29.538000Z,10824.52000000,0.00100000
2018-01-17T20:22:29.538000Z,10824.64000000,0.01211900
2018-01-17T20:22:29.538000Z,10824.99000000,0.00950000
2018-01-17T20:22:29.538000Z,10825.00000000,0.25000000
2018-01-17T20:22:29.538000Z,10825.00000000,0.00280000
2018-01-17T20:22:29.538000Z,10827.48000000,0.01000000
2018-01-17T20:22:29.538000Z,10829.97000000,0.16713104
2018-01-17T20:22:29.857000Z,10829.97000000,1.83286896
2018-01-17T20:22:29.857000Z,10830.00000000,0.38571616
2018-01-17T20:22:29.967000Z,10819.99000000,0.05000000
2018-01-17T20:22:30.072000Z,10820.01000000,0.00730336
2018-01-17T20:22:30.548000Z,10820.00000000,0.19593367
2018-01-17T20:22:30.757000Z,10820.01000000,0.02987807
2018-01-17T20:22:31.390000Z,10820.01000000,1.07488584
2018-01-17T20:22:31.489000Z,10820.02000000,0.03597898
2018-01-17T20:22:31.500000Z,10820.02000000,0.02402102
2018-01-17T20:22:32.677000Z,10820.02000000,0.01000000
2018-01-17T20:22:32.717000Z,10820.02000000,0.01000000
2018-01-17T20:22:33.107000Z,10820.02000000,0.01000000
2018-01-17T20:22:33.415000Z,10820.02000000,0.19242615
2018-01-17T20:22:33.596000Z,10820.02000000,0.22757385
2018-01-17T20:22:33.596000Z,10824.20000000,0.44948791
2018-01-17T20:22:34.099000Z,10824.20000000,0.75051209
2018-01-17T20:22:34.099000Z,10830.00000000,0.11428384
2018-01-17T20:22:34.099000Z,10830.00000000,0.01000000
2018-01-17T20:22:34.099000Z,10830.76000000,0.10000000
2018-01-17T20:22:34.099000Z,10830.77000000,0.02520417
2018-01-17T20:22:34.874000Z,10824.20000000,0.00250000
2018-01-17T20:22:35.603000Z,10824.19000000,0.05000000
2018-01-17T20:22:35.733000Z,10826.44000000,0.12511934
2018-01-17T20:22:35.744000Z,10826.44000000,0.23412931
2018-01-17T20:22:35.755000Z,10826.44000000,0.09718391
2018-01-17T20:22:35.766000Z,10826.44000000,0.08142188
2018-01-17T20:22:35.797000Z,10824.21000000,0.01000000
2018-01-17T20:22:35.802000Z,10824.21000000,0.03214556
2018-01-17T20:22:35.956000Z,10824.21000000,0.00921551
2018-01-17T20:22:36.044000Z,10824.21000000,0.37964536
2018-01-17T20:22:36.143000Z,10824.21000000,0.07899357
2018-01-17T20:22:36.143000Z,10826.43000000,0.00110000
2018-01-17T20:22:36.143000Z,10826.44000000,0.46975332
2018-01-17T20:22:36.181000Z,10826.44000000,0.02000000
2018-01-17T20:22:37.504000Z,10826.44000000,0.01842722
2018-01-17T20:22:38.192000Z,10826.44000000,0.09396502
2018-01-17T20:22:38.192000Z,10826.44000000,1.24027664
2018-01-17T20:22:38.469000Z,10826.44000000,0.02637397
2018-01-17T20:22:38.480000Z,10826.44000000,0.02093760
2018-01-17T20:22:38.487000Z,10826.44000000,0.02855508
2018-01-17T20:22:38.628000Z,10826.44000000,0.12794766
2018-01-17T20:22:38.637000Z,10826.44000000,0.01851170
2018-01-17T20:22:38.668000Z,10826.44000000,0.04949123
2018-01-17T20:22:38.682000Z,10826.44000000,0.03818276
2018-01-17T20:22:39.234000Z,10826.44000000,0.92136125
2018-01-17T20:22:39.495000Z,10826.44000000,0.09213612
2018-01-17T20:22:39.605000Z,10826.44000000,0.03316797
2018-01-17T20:22:40.456000Z,10826.44000000,0.03316797
2018-01-17T20:22:40.805000Z,10826.43000000,0.02959563
2018-01-17T20:22:40.805000Z,10826.43000000,0.02040437
2018-01-17T20:22:41.397000Z,10826.44000000,1.21989005
2018-01-17T20:22:41.397000Z,10826.44000000,0.01000000
2018-01-17T20:22:41.397000Z,10826.44000000,0.09000000
2018-01-17T20:22:41.397000Z,10826.44000000,0.00110000
2018-01-17T20:22:41.397000Z,10826.44000000,0.02280000
2018-01-17T20:22:41.397000Z,10826.45000000,0.51000000
2018-01-17T20:22:41.397000Z,10827.44000000,0.00110000
2018-01-17T20:22:41.397000Z,10830.00000000,0.42858442
2018-01-17T20:22:41.397000Z,10830.77000000,0.97479583
2018-01-17T20:22:41.397000Z,10830.77000000,0.00510181
2018-01-17T20:22:41.397000Z,10832.00000000,0.10000000
2018-01-17T20:22:41.397000Z,10832.99000000,0.61380000
2018-01-17T20:22:41.397000Z,10833.00000000,0.10000000
2018-01-17T20:22:41.397000Z,10833.00000000,2.00000000
2018-01-17T20:22:41.397000Z,10833.00000000,0.00100000
2018-01-17T20:22:41.397000Z,10834.47000000,9.94000000
2018-01-17T20:22:41.397000Z,10834.56000000,0.25450000
2018-01-17T20:22:41.397000Z,10835.00000000,0.00500000
2018-01-17T20:22:41.397000Z,10837.70000000,0.01000000
2018-01-17T20:22:41.397000Z,10839.00000000,8.03360000
2018-01-17T20:22:41.397000Z,10839.57000000,0.00238614
2018-01-17T20:22:41.397000Z,10839.72000000,0.33333000
2018-01-17T20:22:41.397000Z,10840.00000000,3.00000000
2018-01-17T20:22:41.397000Z,10840.00000000,0.01000000
2018-01-17T20:22:41.397000Z,10840.60000000,1.00000000
2018-01-17T20:22:41.397000Z,10840.70000000,0.00400000
2018-01-17T20:22:41.397000Z,10843.00000000,0.17249136
2018-01-17T20:22:41.397000Z,10843.07000000,0.20000000
2018-01-17T20:22:41.397000Z,10844.00000000,6.00000000
2018-01-17T20:22:41.397000Z,10845.00000000,20.00000000
2018-01-17T20:22:41.397000Z,10848.00000000,0.01209062
2018-01-17T20:22:41.397000Z,10848.11000000,0.02500000
2018-01-17T20:22:41.397000Z,10848.37000000,0.00100000
2018-01-17T20:22:41.397000Z,10848.42000000,0.50000000
2018-01-17T20:22:41.397000Z,10849.00000000,0.10000000
2018-01-17T20:22:41.397000Z,10849.45000000,0.06778066
2018-01-17T20:22:41.397000Z,10849.64000000,9.12263497
2018-01-17T20:22:41.938000Z,10826.44000000,0.00110000
2018-01-17T20:22:41.938000Z,10826.45000000,0.51000000
2018-01-17T20:22:41.938000Z,10849.63000000,0.40938389
2018-01-17T20:22:42.831000Z,10849.63000000,0.50000000
2018-01-17T20:22:42.831000Z,10849.64000000,0.19736503
2018-01-17T20:22:42.831000Z,10849.64000000,0.02000000
2018-01-17T20:22:42.831000Z,10849.81000000,0.00970000
2018-01-17T20:22:42.831000Z,10849.99000000,0.10000000
2018-01-17T20:22:42.831000Z,10850.00000000,0.10000000
2018-01-17T20:22:42.831000Z,10850.00000000,0.00300000
2018-01-17T20:22:42.831000Z,10850.00000000,0.04000000
2018-01-17T20:22:42.831000Z,10850.00000000,0.25000000
2018-01-17T20:22:42.831000Z,10850.00000000,0.61776130
2018-01-17T20:22:42.939000Z,10850.00000000,0.38223870
2018-01-17T20:22:42.940000Z,10850.00000000,0.27898014
2018-01-17T20:22:43.178000Z,10835.02000000,0.08214612
2018-01-17T20:22:43.357000Z,10826.76000000,0.06000000
2018-01-17T20:22:43.573000Z,10826.45000000,0.10000000
2018-01-17T20:22:43.573000Z,10826.45000000,0.05379608
2018-01-17T20:22:45.756000Z,10826.75000000,0.00249936
2018-01-17T20:22:45.756000Z,10826.75000000,0.00750064
2018-01-17T20:22:45.881000Z,10826.76000000,0.01588011
2018-01-17T20:22:45.908000Z,10826.75000000,0.03199952
2018-01-17T20:22:45.908000Z,10826.75000000,0.01800048
2018-01-17T20:22:46.028000Z,10826.76000000,0.00264171
2018-01-17T20:22:46.028000Z,10826.76000000,0.03327330
2018-01-17T20:22:46.623000Z,10826.76000000,0.01000000
2018-01-17T20:22:46.710000Z,10826.76000000,0.04606670
2018-01-17T20:22:46.885000Z,10826.76000000,0.01252665
2018-01-17T20:22:48.234000Z,10826.76000000,0.01000000
2018-01-17T20:22:49.408000Z,10826.76000000,0.03685336
2018-01-17T20:22:49.747000Z,10826.76000000,0.85127999
2018-01-17T20:22:49.747000Z,10826.76000000,0.44069473
2018-01-17T20:22:50.807000Z,10826.76000000,0.02000000
2018-01-17T20:22:51.289000Z,10826.76000000,0.03930527
2018-01-17T20:22:51.289000Z,10826.76000000,0.00120000
2018-01-17T20:22:51.289000Z,10826.76000000,0.19710677
2018-01-17T20:22:52.632000Z,10826.76000000,2.13463555
2018-01-17T20:22:52.632000Z,10826.76000000,0.50000000
2018-01-17T20:22:52.632000Z,10826.76000000,0.00110000
2018-01-17T20:22:52.632000Z,10826.77000000,0.51000000
2018-01-17T20:22:52.632000Z,10827.76000000,0.00120000
2018-01-17T20:22:52.632000Z,10830.55000000,3.40000000
2018-01-17T20:22:52.632000Z,10835.68000000,3.40000000
2018-01-17T20:22:52.632000Z,10836.00000000,0.99000000
2018-01-17T20:22:52.632000Z,10836.31000000,3.40000000
2018-01-17T20:22:52.632000Z,10849.73000000,4.22556445
2018-01-17T20:22:52.677000Z,10826.75000000,0.01000000
2018-01-17T20:22:53.515000Z,10826.76000000,0.00120000
2018-01-17T20:22:53.515000Z,10828.94000000,0.09013707
2018-01-17T20:22:53.527000Z,10828.94000000,0.15814411
2018-01-17T20:22:53.553000Z,10828.94000000,0.11688883
2018-01-17T20:22:53.571000Z,10828.94000000,0.16951763
2018-01-17T20:22:53.578000Z,10828.94000000,0.04915730
2018-01-17T20:22:53.638000Z,10830.00000000,0.07611565
2018-01-17T20:22:54.398000Z,10849.72000000,0.03901654
2018-01-17T20:22:54.735000Z,10826.79000000,0.01847329
2018-01-17T20:22:54.872000Z,10849.73000000,0.02000000
2018-01-17T20:22:55.534000Z,10849.73000000,0.03256640
2018-01-17T20:22:55.552000Z,10826.81000000,0.13819946
2018-01-17T20:22:56.559000Z,10849.68000000,0.43214439
2018-01-17T20:22:58.223000Z,10826.83000000,0.38743499
2018-01-17T20:22:58.978000Z,10834.14000000,0.01320477
2018-01-17T20:22:59.387000Z,10834.16000000,0.00114351
2018-01-17T20:23:00.654000Z,10834.16000000,0.01688940
2018-01-17T20:23:00.662000Z,10834.16000000,0.52706570
2018-01-17T20:23:00.963000Z,10834.16000000,0.02799218
2018-01-17T20:23:03.001000Z,10834.15000000,0.75000000
2018-01-17T20:23:03.093000Z,10834.16000000,0.01841409
2018-01-17T20:23:03.265000Z,10834.16000000,0.04180585
2018-01-17T20:23:03.954000Z,10834.16000000,0.04000000
2018-01-17T20:23:04.946000Z,10834.16000000,0.38743499
2018-01-17T20:23:05.027000Z,10834.16000000,0.01000000
2018-01-17T20:23:05.400000Z,10834.16000000,0.34562914
2018-01-17T20:23:05.574000Z,10834.15000000,0.01838456
2018-01-17T20:23:05.592000Z,10834.16000000,0.05534786
2018-01-17T20:23:06.560000Z,10834.16000000,0.01000000
2018-01-17T20:23:06.646000Z,10834.16000000,0.00120000
2018-01-17T20:23:07.048000Z,10834.16000000,0.05736067
2018-01-17T20:23:07.172000Z,10834.16000000,0.06000000
2018-01-17T20:23:07.606000Z,10834.16000000,0.00946024
2018-01-17T20:23:08.622000Z,10834.15000000,0.50000000
2018-01-17T20:23:08.695000Z,10834.16000000,0.30120000
2018-01-17T20:23:08.696000Z,10834.15000000,0.50000000
2018-01-17T20:23:09.100000Z,10834.15000000,0.11961544
2018-01-17T20:23:09.100000Z,10834.15000000,0.01000000
2018-01-17T20:23:09.100000Z,10834.15000000,0.01773063
2018-01-17T20:23:09.100000Z,10834.15000000,0.02500000
2018-01-17T20:23:09.100000Z,10834.15000000,0.12765393
2018-01-17T20:23:09.668000Z,10834.16000000,0.02000000
2018-01-17T20:23:09.681000Z,10834.16000000,0.00941328
2018-01-17T20:23:10.534000Z,10834.15000000,0.01836784
2018-01-17T20:23:10.575000Z,10834.16000000,0.04394891
2018-01-17T20:23:10.576000Z,10834.15000000,0.63815121
2018-01-17T20:23:10.576000Z,10834.15000000,0.96000000
2018-01-17T20:23:10.576000Z,10834.15000000,0.25000000
2018-01-17T20:23:10.576000Z,10834.15000000,0.38413210
2018-01-17T20:23:10.576000Z,10834.15000000,0.00100000
2018-01-17T20:23:10.576000Z,10834.15000000,0.01000000
2018-01-17T20:23:10.576000Z,10834.15000000,0.32676640
2018-01-17T20:23:10.582000Z,10834.16000000,0.12000000
2018-01-17T20:23:10.682000Z,10833.00000000,0.00232204
2018-01-17T20:23:10.682000Z,10830.00000000,1.00000000
2018-01-17T20:23:10.682000Z,10830.00000000,0.02167796
2018-01-17T20:23:10.833000Z,10830.00000000,0.00232204
2018-01-17T20:23:10.833000Z,10826.82000000,0.01000000
2018-01-17T20:23:10.833000Z,10826.75000000,1.00000000
2018-01-17T20:23:10.833000Z,10826.75000000,0.55568319
2018-01-17T20:23:10.833000Z,10826.75000000,0.28619477
2018-01-17T20:23:11.060000Z,10834.13000000,0.02000000
2018-01-17T20:23:11.230000Z,10833.02000000,0.51000000
2018-01-17T20:23:11.230000Z,10834.13000000,0.48000000
2018-01-17T20:23:11.230000Z,10834.14000000,1.17000000
2018-01-17T20:23:11.230000Z,10834.16000000,8.32740000
2018-01-17T20:23:11.525000Z,10834.13000000,0.00230000
2018-01-17T20:23:11.660000Z,10834.14000000,0.12000000
2018-01-17T20:23:11.812000Z,10834.13000000,0.15630411
2018-01-17T20:23:11.812000Z,10834.13000000,0.57928704
2018-01-17T20:23:11.812000Z,10826.82000000,0.03220597
2018-01-17T20:23:11.847000Z,10834.14000000,0.04000000
2018-01-17T20:23:11.873000Z,10834.13000000,0.01000000
2018-01-17T20:23:12.289000Z,10826.82000000,0.00470228
2018-01-17T20:23:12.289000Z,10826.75000000,0.64949140
2018-01-17T20:23:13.139000Z,10826.80000000,0.04606653
2018-01-17T20:23:14.735000Z,10826.75000000,0.46656044
2018-01-17T20:23:15.026000Z,10826.75000000,0.01820326
2018-01-17T20:23:15.585000Z,10826.76000000,0.01000000
2018-01-17T20:23:15.656000Z,10826.76000000,0.01000000
2018-01-17T20:23:15.901000Z,10826.75000000,0.03273930
2018-01-17T20:23:15.901000Z,10826.75000000,0.53628701
2018-01-17T20:23:15.901000Z,10826.75000000,0.43097369
2018-01-17T20:23:16.301000Z,10826.75000000,0.07600000
2018-01-17T20:23:16.383000Z,10826.75000000,1.68951744
2018-01-17T20:23:16.383000Z,10826.70000000,0.31048256
2018-01-17T20:23:16.666000Z,10826.70000000,0.10000000
2018-01-17T20:23:17.786000Z,10826.71000000,0.06000000
2018-01-17T20:23:17.844000Z,10826.71000000,0.01600620
2018-01-17T20:23:17.853000Z,10826.71000000,0.01399380
2018-01-17T20:23:17.985000Z,10826.71000000,0.02700384
2018-01-17T20:23:17.990000Z,10826.71000000,0.06299616
2018-01-17T20:23:18.118000Z,10826.70000000,0.00921551
2018-01-17T20:23:18.391000Z,10826.71000000,0.01000000
2018-01-17T20:23:18.567000Z,10826.71000000,0.02231524
2018-01-17T20:23:19.210000Z,10826.70000000,2.00000000
2018-01-17T20:23:19.521000Z,10826.71000000,0.16600028
2018-01-17T20:23:20.034000Z,10826.71000000,0.01111711
2018-01-17T20:23:20.598000Z,10826.70000000,0.02508108
2018-01-17T20:23:20.749000Z,10826.71000000,0.15796737
2018-01-17T20:23:20.749000Z,10826.71000000,0.75690000
2018-01-17T20:23:20.749000Z,10826.71000000,0.03950016
2018-01-17T20:23:20.749000Z,10826.71000000,0.04620583
2018-01-17T20:23:20.880000Z,10826.71000000,0.03000000
2018-01-17T20:23:21.213000Z,10826.70000000,0.55522085
2018-01-17T20:23:21.213000Z,10826.70000000,0.11932145
2018-01-17T20:23:21.395000Z,10826.71000000,0.06414156
2018-01-17T20:23:21.426000Z,10826.71000000,0.02227081
2018-01-17T20:23:23.069000Z,10826.71000000,0.10623030
2018-01-17T20:23:23.459000Z,10826.70000000,0.14292472
2018-01-17T20:23:23.459000Z,10826.70000000,0.24928396
2018-01-17T20:23:23.459000Z,10826.70000000,0.61433987
2018-01-17T20:23:23.871000Z,10826.71000000,0.01000000
2018-01-17T20:23:24.111000Z,10826.70000000,0.01847173
2018-01-17T20:23:25.771000Z,10826.71000000,0.01000000
2018-01-17T20:23:25.958000Z,10826.71000000,0.84115150
2018-01-17T20:23:25.958000Z,10826.71000000,0.38668561
2018-01-17T20:23:27.733000Z,10826.70000000,0.28016897
2018-01-17T20:23:28.648000Z,10826.71000000,0.02000000
2018-01-17T20:23:30.322000Z,10826.70000000,0.01021107
2018-01-17T20:23:31.243000Z,10826.71000000,0.01000000
2018-01-17T20:23:31.406000Z,10826.71000000,0.33086311
2018-01-17T20:23:31.678000Z,10826.70000000,0.01500000
2018-01-17T20:23:33.185000Z,10826.71000000,1.75245128
2018-01-17T20:23:33.185000Z,10826.71000000,2.50000000
2018-01-17T20:23:33.185000Z,10826.71000000,0.04894872
2018-01-17T20:23:33.592000Z,10826.70000000,0.00262607
2018-01-17T20:23:33.629000Z,10826.71000000,0.02000000
2018-01-17T20:23:33.629000Z,10826.71000000,0.48000000
2018-01-17T20:23:33.629000Z,10826.71000000,0.80445059
2018-01-17T20:23:34.163000Z,10826.70000000,0.01838049
2018-01-17T20:23:34.696000Z,10826.71000000,0.93515835
2018-01-17T20:23:34.833000Z,10826.70000000,0.00185600
2018-01-17T20:23:35.593000Z,10826.71000000,0.38600696
2018-01-17T20:23:35.857000Z,10826.71000000,0.05948566
2018-01-17T20:23:35.857000Z,10826.71000000,0.32652130
2018-01-17T20:23:36.330000Z,10826.71000000,0.67347870
2018-01-17T20:23:36.330000Z,10826.71000000,1.00000000
2018-01-17T20:23:36.330000Z,10826.71000000,4.31522010
2018-01-17T20:23:36.500000Z,10826.71000000,0.10098656
2018-01-17T20:23:36.564000Z,10826.71000000,0.08089450
2018-01-17T20:23:36.565000Z,10826.71000000,0.31811894
2018-01-17T20:23:36.848000Z,10826.71000000,0.19401172
2018-01-17T20:23:37.064000Z,10826.71000000,0.33086311
2018-01-17T20:23:37.251000Z,10826.71000000,0.94787097
2018-01-17T20:23:37.578000Z,10826.71000000,0.08341300
2018-01-17T20:23:37.703000Z,10826.71000000,0.12000000
2018-01-17T20:23:38.077000Z,10826.71000000,0.06666158
2018-01-17T20:23:38.362000Z,10826.71000000,0.85397002
2018-01-17T20:23:38.599000Z,10826.70000000,0.01838048
2018-01-17T20:23:39.621000Z,10826.71000000,0.33756543
2018-01-17T20:23:40.855000Z,10826.71000000,0.02000000
2018-01-17T20:23:42.102000Z,10826.71000000,0.02000000
2018-01-17T20:23:44.665000Z,10826.71000000,0.01000000
2018-01-17T20:23:44.967000Z,10826.70000000,0.01838049
2018-01-17T20:23:45.006000Z,10826.71000000,0.50000000
2018-01-17T20:23:45.537000Z,10826.71000000,0.01000000
2018-01-17T20:23:45.757000Z,10826.71000000,0.01000000
2018-01-17T20:23:47.595000Z,10826.71000000,0.04411508
2018-01-17T20:23:47.915000Z,10826.71000000,0.00203431
2018-01-17T20:23:48.532000Z,10826.71000000,0.04331943
2018-01-17T20:23:48.958000Z,10826.71000000,2.09095525
2018-01-17T20:23:48.958000Z,10826.71000000,0.00105653
2018-01-17T20:23:48.958000Z,10826.71000000,1.00000000
2018-01-17T20:23:48.958000Z,10826.71000000,0.03909670
2018-01-17T20:23:48.958000Z,10826.71000000,2.50000000
2018-01-17T20:23:48.958000Z,10826.71000000,0.97869152
2018-01-17T20:23:49.799000Z,10826.71000000,0.06000000
2018-01-17T20:23:50.004000Z,10826.71000000,0.02424040
2018-01-17T20:23:50.817000Z,10826.71000000,0.41575960
2018-01-17T20:23:50.817000Z,10826.71000000,1.00000000
2018-01-17T20:23:50.817000Z,10826.71000000,0.42691695
2018-01-17T20:23:51.462000Z,10826.71000000,0.18426765
2018-01-17T20:23:51.878000Z,10826.71000000,0.38881540
2018-01-17T20:23:51.878000Z,10826.71000000,0.50000000
2018-01-17T20:23:51.878000Z,10826.75000000,0.24704304
2018-01-17T20:23:51.878000Z,10826.76000000,0.04200000
2018-01-17T20:23:51.878000Z,10827.00000000,1.05000000
2018-01-17T20:23:51.878000Z,10827.00000000,0.15344980
2018-01-17T20:23:51.904000Z,10827.00000000,0.01000000
2018-01-17T20:23:52.357000Z,10827.00000000,0.01000000
2018-01-17T20:23:52.411000Z,10827.00000000,0.02992334
2018-01-17T20:23:52.942000Z,10826.99000000,0.01838447
2018-01-17T20:23:52.988000Z,10827.00000000,0.76444982
2018-01-17T20:23:54.018000Z,10827.00000000,0.06000000
2018-01-17T20:23:54.644000Z,10826.99000000,0.04592376
2018-01-17T20:23:54.920000Z,10827.00000000,0.27639407
2018-01-17T20:23:55.503000Z,10827.00000000,0.10193793
2018-01-17T20:23:55.503000Z,10827.00000000,0.03900186
2018-01-17T20:23:55.639000Z,10827.00000000,0.01000000
2018-01-17T20:23:56.754000Z,10827.00000000,0.63463858
2018-01-17T20:23:57.113000Z,10827.00000000,0.00921313
2018-01-17T20:23:58.145000Z,10827.00000000,0.96770364
2018-01-17T20:23:58.145000Z,10827.00000000,0.23983077
2018-01-17T20:23:59.533000Z,10827.00000000,0.01000000
2018-01-17T20:24:00.253000Z,10827.00000000,0.05101373
2018-01-17T20:24:00.253000Z,10827.00000000,0.00898627
2018-01-17T20:24:00.731000Z,10827.00000000,0.04101373
2018-01-17T20:24:00.731000Z,10827.01000000,0.30497886
2018-01-17T20:24:00.867000Z,10827.01000000,0.01000000
2018-01-17T20:24:00.874000Z,10827.01000000,0.05420077
2018-01-17T20:24:01.939000Z,10828.00000000,0.02000000
2018-01-17T20:24:03.430000Z,10828.00000000,0.01000000
2018-01-17T20:24:03.801000Z,10828.00000000,0.07000000
2018-01-17T20:24:05.269000Z,10828.00000000,2.40000000
2018-01-17T20:24:05.269000Z,10828.01000000,0.51000000
2018-01-17T20:24:05.269000Z,10830.00000000,0.01000000
2018-01-17T20:24:05.269000Z,10830.00000000,0.69000000
2018-01-17T20:24:05.352000Z,10830.00000000,0.50000000
2018-01-17T20:24:05.392000Z,10830.00000000,0.06000000
2018-01-17T20:24:05.392000Z,10831.50000000,0.44000000
2018-01-17T20:24:05.434000Z,10831.50000000,0.00460465
2018-01-17T20:24:05.873000Z,10831.50000000,0.11532213
2018-01-17T20:24:06.383000Z,10831.50000000,0.09000000
2018-01-17T20:24:06.430000Z,10831.50000000,0.01841861
2018-01-17T20:24:07.050000Z,10831.49000000,0.05699308
2018-01-17T20:24:07.050000Z,10831.49000000,1.00000000
2018-01-17T20:24:07.050000Z,10831.49000000,0.17549207
2018-01-17T20:24:07.050000Z,10831.49000000,2.50000000
2018-01-17T20:24:07.050000Z,10831.49000000,0.21814364
2018-01-17T20:24:07.137000Z,10831.50000000,0.01000000
2018-01-17T20:24:07.804000Z,10831.50000000,0.07258557
2018-01-17T20:24:09.304000Z,10831.50000000,0.01000000
2018-01-17T20:24:10.648000Z,10831.50000000,0.04274021
2018-01-17T20:24:12.428000Z,10831.50000000,0.01000000
2018-01-17T20:24:12.783000Z,10831.50000000,0.02756898
2018-01-17T20:24:12.882000Z,10831.50000000,0.18346417
2018-01-17T20:24:13.495000Z,10831.50000000,0.01841861
2018-01-17T20:24:13.519000Z,10831.50000000,0.04000000
2018-01-17T20:24:14.150000Z,10831.50000000,0.40969634
2018-01-17T20:24:14.150000Z,10831.51000000,0.05076903
2018-01-17T20:24:14.608000Z,10831.51000000,0.03000000
2018-01-17T20:24:15.205000Z,10831.51000000,0.28417504
2018-01-17T20:24:17.356000Z,10831.50000000,0.00279789
2018-01-17T20:24:19.203000Z,10831.51000000,0.01841859
2018-01-17T20:24:19.414000Z,10831.51000000,0.00258141
2018-01-17T20:24:19.414000Z,10831.62000000,0.00741859
2018-01-17T20:24:19.910000Z,10831.62000000,0.02867586
2018-01-17T20:24:20.776000Z,10831.62000000,0.03132414
2018-01-17T20:24:20.788000Z,10831.62000000,0.20000000
2018-01-17T20:24:22.500000Z,10831.62000000,0.09459973
2018-01-17T20:24:23.241000Z,10831.62000000,0.27774856
2018-01-17T20:24:23.818000Z,10831.61000000,0.09700000
2018-01-17T20:24:24.035000Z,10831.62000000,0.02645068
2018-01-17T20:24:27.304000Z,10831.62000000,2.73378244
2018-01-17T20:24:27.304000Z,10831.62000000,1.00000000
2018-01-17T20:24:27.304000Z,10831.62000000,1.00000000
2018-01-17T20:24:27.304000Z,10831.62000000,0.34071756
2018-01-17T20:24:27.589000Z,10831.62000000,0.01000000
2018-01-17T20:24:27.811000Z,10831.62000000,0.14928244
2018-01-17T20:24:27.811000Z,10831.62000000,0.01843582
2018-01-17T20:24:27.811000Z,10831.63000000,0.51000000
2018-01-17T20:24:27.811000Z,10832.00000000,0.19988174
2018-01-17T20:24:27.827000Z,10832.00000000,0.00011826
2018-01-17T20:24:27.827000Z,10836.00000000,0.49988174
2018-01-17T20:24:27.832000Z,10836.00000000,0.50011826
2018-01-17T20:24:27.832000Z,10836.00000000,2.00000000
2018-01-17T20:24:28.194000Z,10844.00000000,0.03690825
2018-01-17T20:24:28.194000Z,10845.40000000,0.02309175
2018-01-17T20:24:28.750000Z,10845.40000000,0.01000000
2018-01-17T20:24:31.035000Z,10845.40000000,0.01000000
