time,volume,price,change
1515440117,0.05291712,15080.28,
1515440118,0.0,15080.28,0.0
1515440119,0.0330732,15080.28,0.0
1515440120,0.0,15080.28,0.0
1515440121,0.0,15080.28,0.0
1515440122,0.02,15080.28,0.0
1515440123,0.0,15080.28,0.0
1515440124,0.0,15080.28,0.0
1515440125,0.0,15080.28,0.0
1515440126,0.0,15080.28,0.0
1515440127,0.0,15080.28,0.0
1515440128,0.0330732,15080.28,-0.0
1515440129,0.0,15080.28,0.0
1515440130,0.01,15080.28,0.0
1515440131,0.0,15080.28,0.0
1515440132,0.0895,15080.28,-0.0
1515440133,0.0,15080.28,0.0
1515440134,0.0,15080.28,0.0
1515440135,0.12104791,15080.28,0.0
1515440136,0.0,15080.28,0.0
1515440137,0.01571627,15080.27906403,-6e-08
1515440138,0.01131144,15080.28,6e-08
1515440139,0.0,15080.28,0.0
1515440140,0.0330732,15080.28,0.0
1515440141,0.0,15080.28,0.0
1515440142,0.0,15080.28,0.0
1515440143,0.0,15080.28,0.0
1515440144,0.0,15080.28,0.0
1515440145,0.08820887,15080.28,0.0
1515440146,0.0,15080.28,0.0
1515440147,0.0,15080.28,0.0
1515440148,0.26392413,15080.28,0.0
1515440149,0.00972352,15080.28,0.0
1515440150,0.0,15080.28,0.0
1515440151,0.0,15080.28,0.0
1515440152,0.0,15080.28,0.0
1515440153,0.0,15080.28,0.0
1515440154,0.03957009,15080.28,-0.0
1515440155,0.0,15080.28,0.0
1515440156,0.0,15080.28,0.0
1515440157,1.00410687,15080.27446772,-3.7e-07
1515440158,0.0,15080.27446772,0.0
1515440159,0.0,15080.27446772,0.0
1515440160,0.0,15080.27446772,0.0
1515440161,0.0,15080.27446772,0.0
1515440162,0.0,15080.27446772,0.0
1515440163,0.01415731,15080.28,3.7e-07
1515440164,0.0,15080.28,0.0
1515440165,0.60218673,15080.27,-6.6e-07
1515440166,0.0,15080.27,0.0
1515440167,0.000665,15080.27,0.0
1515440168,0.00259,15080.28,6.6e-07
1515440169,0.00116748,15080.28,0.0
1515440170,0.02508602,15080.28,0.0
1515440171,0.86562155,15080.28,-0.0
1515440172,0.00603189,15080.28,0.0
1515440173,0.03,15080.28,0.0
1515440174,0.64764816,15080.27,-6.6e-07
1515440175,0.717984,15080.27,0.0
1515440176,0.0,15080.27,0.0
1515440177,1.499,15080.28,6.6e-07
1515440178,0.0,15080.28,0.0
1515440179,0.0,15080.28,0.0
1515440180,0.0,15080.28,0.0
1515440181,0.0,15080.28,0.0
1515440182,0.0,15080.28,0.0
1515440183,0.0,15080.28,0.0
1515440184,0.0,15080.28,0.0
1515440185,0.0,15080.28,0.0
1515440186,0.03,15080.28,0.0
1515440187,0.0,15080.28,0.0
1515440188,0.0,15080.28,0.0
1515440189,0.24454324,15080.28,0.0
1515440190,0.0,15080.28,0.0
1515440191,0.01,15080.28,0.0
1515440192,0.0184513,15080.28,-0.0
1515440193,0.0,15080.28,0.0
1515440194,0.0,15080.28,0.0
1515440195,0.0,15080.28,0.0
1515440196,0.0,15080.28,0.0
1515440197,0.0,15080.28,0.0
1515440198,0.0,15080.28,0.0
1515440199,0.35742928,15080.28,0.0
1515440200,0.0,15080.28,0.0
1515440201,0.13163133,15080.28,0.0
1515440202,0.0,15080.28,0.0
1515440203,0.0,15080.28,0.0
1515440204,0.0,15080.28,0.0
1515440205,0.00938846,15080.27,-6.6e-07
1515440206,0.0,15080.27,0.0
1515440207,0.0,15080.27,0.0
1515440208,0.0,15080.27,0.0
1515440209,0.06636763,15080.27,0.0
1515440210,0.0,15080.27,0.0
1515440211,0.01,15080.28,6.6e-07
1515440212,0.0,15080.28,0.0
1515440213,0.0,15080.28,0.0
1515440214,0.0,15080.28,0.0
1515440215,0.0,15080.28,0.0
1515440216,0.0,15080.28,0.0
1515440217,0.0,15080.28,0.0
1515440218,1.33007053,15080.2724816,-5e-07
1515440219,0.0,15080.2724816,0.0
1515440220,0.615,15080.27,-1.6e-07
1515440221,0.0,15080.27,0.0
1515440222,0.0,15080.27,0.0
1515440223,0.03141954,15080.28,6.6e-07
1515440224,0.0,15080.28,0.0
1515440225,0.001,15080.27,-6.6e-07
1515440226,0.0,15080.27,0.0
1515440227,0.0,15080.27,0.0
1515440228,0.0,15080.27,0.0
1515440229,0.02,15080.27,0.0
1515440230,0.0,15080.27,0.0
1515440231,0.0,15080.27,0.0
1515440232,0.0,15080.27,0.0
1515440233,0.31227715,15080.28,6.6e-07
1515440234,0.0,15080.28,0.0
1515440235,0.0,15080.28,0.0
1515440236,1.4929,15080.28,0.0
1515440237,0.0,15080.28,0.0
1515440238,0.0,15080.28,0.0
1515440239,0.0,15080.28,0.0
1515440240,0.0,15080.28,0.0
1515440241,0.0,15080.28,0.0
1515440242,0.0,15080.28,0.0
1515440243,0.0,15080.28,0.0
1515440244,0.0,15080.28,0.0
1515440245,0.00793756,15080.28,0.0
1515440246,0.395022,15080.28,0.0
1515440247,0.0661464,15080.28,0.0
1515440248,0.0,15080.28,0.0
1515440249,0.0,15080.28,0.0
1515440250,0.03645856,15080.28,-0.0
1515440251,0.0,15080.28,0.0
1515440252,0.01,15080.28,0.0
1515440253,0.0,15080.28,0.0
1515440254,0.0,15080.28,0.0
1515440255,0.0,15080.28,0.0
1515440256,0.0,15080.28,0.0
1515440257,0.00226749,15080.28,-0.0
1515440258,0.0,15080.28,0.0
1515440259,0.4628,15080.27064823,-6.2e-07
1515440260,0.0,15080.27064823,0.0
1515440261,0.0,15080.27064823,0.0
1515440262,0.3968784,15080.28,6.2e-07
1515440263,0.0,15080.28,0.0
1515440264,0.13163133,15080.28,0.0
1515440265,0.0,15080.28,0.0
1515440266,0.03022916,15080.28,0.0
1515440267,0.17394864,15080.27172465,-5.5e-07
1515440268,0.00066146,15080.28,5.5e-07
1515440269,0.0,15080.28,0.0
1515440270,0.0,15080.28,0.0
1515440271,0.0,15080.28,0.0
1515440272,0.0,15080.28,0.0
1515440273,0.0,15080.28,0.0
1515440274,0.04,15080.28,0.0
1515440275,0.0,15080.28,0.0
1515440276,0.0,15080.28,0.0
1515440277,0.0,15080.28,0.0
1515440278,0.0,15080.28,0.0
1515440279,0.0,15080.28,0.0
1515440280,0.0,15080.28,0.0
1515440281,0.0,15080.28,0.0
1515440282,0.0,15080.28,0.0
1515440283,0.5797,15080.28,-0.0
1515440284,0.0,15080.28,0.0
1515440285,0.0,15080.28,0.0
1515440286,0.01,15080.28,0.0
1515440287,0.0,15080.28,0.0
1515440288,0.0,15080.28,0.0
1515440289,0.0,15080.28,0.0
1515440290,0.0,15080.28,0.0
1515440291,0.0,15080.28,0.0
1515440292,0.01256781,15080.28,-0.0
1515440293,0.02,15080.28,0.0
1515440294,0.0,15080.28,0.0
1515440295,0.0,15080.28,0.0
1515440296,0.0,15080.28,0.0
1515440297,0.0,15080.28,0.0
1515440298,0.03,15080.27,-6.6e-07
1515440299,0.0,15080.27,0.0
1515440300,0.0,15080.27,0.0
1515440301,0.0,15080.27,0.0
1515440302,0.0,15080.27,0.0
1515440303,0.0,15080.27,0.0
1515440304,0.0,15080.27,0.0
1515440305,0.2246354,15080.28,6.6e-07
1515440306,0.0,15080.28,0.0
1515440307,0.01,15080.28,0.0
1515440308,0.0,15080.28,0.0
1515440309,1.0330732,15080.28,-0.0
1515440310,0.0,15080.28,0.0
1515440311,0.06429,15080.28,0.0
1515440312,0.0,15080.28,0.0
1515440313,0.0,15080.28,0.0
1515440314,0.0,15080.28,0.0
1515440315,0.0,15080.28,0.0
1515440316,0.0,15080.28,0.0
1515440317,0.000665,15080.27,-6.6e-07
1515440318,0.0,15080.27,0.0
1515440319,0.0,15080.27,0.0
1515440320,0.0,15080.27,0.0
1515440321,0.0,15080.27,0.0
1515440322,0.03589985,15080.28,6.6e-07
1515440323,0.0,15080.28,0.0
1515440324,0.0,15080.28,0.0
1515440325,0.0,15080.28,0.0
1515440326,0.0,15080.28,0.0
1515440327,0.81153339,15080.28,0.0
1515440328,0.0661464,15080.28,0.0
1515440329,0.0,15080.28,0.0
1515440330,0.0,15080.28,0.0
1515440331,0.0,15080.28,0.0
1515440332,0.0,15080.28,0.0
1515440333,0.33069192,15082.10755532,0.00012119
1515440334,0.0,15082.10755532,0.0
1515440335,0.0,15082.10755532,0.0
1515440336,0.0,15082.10755532,0.0
1515440337,0.0,15082.10755532,0.0
1515440338,0.0,15082.10755532,0.0
1515440339,0.0,15082.10755532,0.0
1515440340,0.0,15082.10755532,0.0
1515440341,0.55615022,15085.0,0.00019178
1515440342,0.0,15085.0,0.0
1515440343,0.0,15085.0,0.0
1515440344,0.0,15085.0,0.0
1515440345,0.0,15085.0,0.0
1515440346,0.0,15085.0,0.0
1515440347,2.2585,15091.54343877,0.00043377
1515440348,0.0,15091.54343877,0.0
1515440349,2.6886816,15098.99,0.00049343
1515440350,0.12606439,15099.0,6.6e-07
1515440351,0.0,15099.0,0.0
1515440352,0.08,15099.0,-0.0
1515440353,0.0,15099.0,0.0
1515440354,0.0497909,15098.9960252,-2.6e-07
1515440355,0.0,15098.9960252,0.0
1515440356,0.0,15098.9960252,0.0
1515440357,0.0,15098.9960252,0.0
1515440358,0.0,15098.9960252,0.0
1515440359,0.17110677,15099.0,2.6e-07
1515440360,0.0,15099.0,0.0
1515440361,0.0,15099.0,0.0
1515440362,0.0,15099.0,0.0
1515440363,0.0,15099.0,0.0
1515440364,0.4944,15099.0,-0.0
1515440365,0.0,15099.0,0.0
1515440366,0.0,15099.0,0.0
1515440367,0.0,15099.0,0.0
1515440368,0.08,15099.0,0.0
1515440369,0.0,15099.0,0.0
1515440370,1.14760452,15099.0,0.0
1515440371,0.0,15099.0,0.0
1515440372,0.0,15099.0,0.0
1515440373,0.0,15099.0,0.0
1515440374,0.0,15099.0,0.0
1515440375,0.0,15099.0,0.0
1515440376,0.01,15099.0,0.0
1515440377,0.0,15099.0,0.0
1515440378,0.0,15099.0,0.0
1515440379,0.0,15099.0,0.0
1515440380,2.51674475,15096.63785989,-0.00015644
1515440381,0.133,15090.0,-0.00043969
1515440382,0.6465,15080.30559165,-0.00064244
1515440383,0.0,15080.30559165,0.0
1515440384,0.29585015,15080.27,-2.36e-06
1515440385,0.06,15080.28,6.6e-07
1515440386,0.6947482,15080.27952395,-3e-08
1515440387,0.06,15080.28,3e-08
1515440388,0.0,15080.28,0.0
1515440389,0.0,15080.28,0.0
1515440390,0.0,15080.28,0.0
1515440391,0.0,15080.28,0.0
1515440392,0.863,15080.27,-6.6e-07
1515440393,0.0,15080.27,0.0
1515440394,0.0,15080.27,0.0
1515440395,0.01,15080.28,6.6e-07
1515440396,0.0,15080.28,0.0
1515440397,0.01,15080.28,0.0
1515440398,0.0,15080.28,0.0
1515440399,0.0,15080.28,0.0
1515440400,0.06429,15080.28,-0.0
1515440401,0.0,15080.28,0.0
1515440402,1.3283,15080.27,-6.6e-07
1515440403,1.483482,15080.27,0.0
1515440404,0.51022219,15080.27,0.0
1515440405,0.09921973,15080.26,-6.6e-07
1515440406,0.02645859,15080.26,-0.0
1515440407,0.0209,15080.26,-0.0
1515440408,0.0,15080.26,0.0
1515440409,0.0,15080.26,0.0
1515440410,0.0,15080.26,0.0
1515440411,0.0,15080.26,0.0
1515440412,0.0,15080.26,0.0
1515440413,0.03290787,15080.26,0.0
1515440414,0.0,15080.26,0.0
1515440415,0.0191,15080.26,0.0
1515440416,1.2584545,15080.05125343,-1.384e-05
1515440417,0.09922795,15079.01,-6.905e-05
1515440418,1.2781,15068.4097084,-0.00070298
1515440419,0.19802762,15061.25,-0.00047515
1515440420,0.0,15061.25,0.0
1515440421,0.20009238,15079.01,0.00117918
1515440422,0.0,15079.01,0.0
1515440423,0.0,15079.01,0.0
1515440424,0.0,15079.01,0.0
1515440425,0.0,15079.01,0.0
1515440426,0.0,15079.01,0.0
1515440427,0.0,15079.01,0.0
1515440428,0.0,15079.01,0.0
1515440429,0.0,15079.01,0.0
1515440430,0.0,15079.01,0.0
1515440431,0.025,15080.26,8.29e-05
1515440432,0.995,15081.0,4.907e-05
1515440433,0.00053,15081.0,0.0
1515440434,0.0,15081.0,0.0
1515440435,0.0,15081.0,0.0
1515440436,0.00330716,15081.0,0.0
1515440437,0.0,15081.0,0.0
1515440438,0.000663,15080.99,-6.6e-07
1515440439,0.04376362,15080.99,-0.0
1515440440,0.7962,15080.99025119,2e-08
1515440441,0.0,15080.99025119,0.0
1515440442,0.0,15080.99025119,0.0
1515440443,0.33005477,15081.0,6.5e-07
1515440444,0.02,15081.0,0.0
1515440445,0.03397183,15081.0,0.0
1515440446,0.0,15081.0,0.0
1515440447,0.0,15081.0,0.0
1515440448,0.0,15081.0,0.0
1515440449,0.0,15081.0,0.0
1515440450,0.07429,15081.0,0.0
1515440451,0.0,15081.0,0.0
1515440452,0.02,15081.0,-0.0
1515440453,0.0,15081.0,0.0
1515440454,0.0,15081.0,0.0
1515440455,0.0,15081.0,0.0
1515440456,0.0,15081.0,0.0
1515440457,0.0,15081.0,0.0
1515440458,0.07602926,15080.99078297,-6.1e-07
1515440459,0.0,15080.99078297,0.0
1515440460,0.0,15080.99078297,0.0
1515440461,0.22656614,15080.99000292,-5e-08
1515440462,0.0,15080.99000292,0.0
1515440463,0.02645729,15081.0,6.6e-07
1515440464,0.0,15081.0,0.0
1515440465,0.0,15081.0,0.0
1515440466,0.0,15081.0,0.0
1515440467,0.01,15081.0,0.0
1515440468,0.04261265,15081.0,-0.0
1515440469,0.0,15081.0,0.0
1515440470,0.0,15081.0,0.0
1515440471,0.0,15081.0,0.0
1515440472,0.24559813,15081.0,0.0
1515440473,0.0,15081.0,0.0
1515440474,0.0,15081.0,0.0
1515440475,0.0,15081.0,0.0
1515440476,0.0,15081.0,0.0
1515440477,0.0,15081.0,0.0
1515440478,0.01,15081.0,0.0
1515440479,0.0,15081.0,0.0
1515440480,0.0,15081.0,0.0
1515440481,0.0,15081.0,0.0
1515440482,0.0,15081.0,0.0
1515440483,0.0,15081.0,0.0
1515440484,0.0051423,15081.0,0.0
1515440485,2.4636771,15080.99991932,-1e-08
1515440486,0.0,15080.99991932,0.0
1515440487,0.0,15080.99991932,0.0
1515440488,0.0,15080.99991932,0.0
1515440489,0.0,15080.99991932,0.0
1515440490,0.0,15080.99991932,0.0
1515440491,0.0,15080.99991932,0.0
1515440492,0.0,15080.99991932,0.0
1515440493,0.0,15080.99991932,0.0
1515440494,0.0,15080.99991932,0.0
1515440495,0.0,15080.99991932,0.0
1515440496,0.04,15081.0,1e-08
1515440497,0.0,15081.0,0.0
1515440498,0.0,15081.0,0.0
1515440499,0.0,15081.0,0.0
1515440500,0.0,15081.0,0.0
1515440501,0.0,15081.0,0.0
1515440502,0.0,15081.0,0.0
1515440503,0.232645,15080.99,-6.6e-07
1515440504,0.0,15080.99,0.0
1515440505,0.25184551,15080.99569,3.8e-07
1515440506,0.0,15080.99569,0.0
1515440507,0.13228648,15081.0,2.9e-07
1515440508,0.09921486,15081.0,-0.0
1515440509,0.0,15081.0,0.0
1515440510,0.0,15081.0,0.0
1515440511,0.01,15081.0,0.0
1515440512,0.99524916,15080.99,-6.6e-07
1515440513,0.0,15080.99,0.0
1515440514,0.0,15080.99,0.0
1515440515,0.01,15080.01,-6.498e-05
1515440516,0.08642269,15080.01,-0.0
1515440517,0.02,15080.01,0.0
1515440518,0.40019288,15080.01,0.0
1515440519,0.0,15080.01,0.0
1515440520,0.0,15080.01,0.0
1515440521,6.614e-05,15080.01,-0.0
1515440522,0.0,15080.01,0.0
1515440523,0.02,15080.01,0.0
1515440524,0.0,15080.01,0.0
1515440525,0.0,15080.01,0.0
1515440526,0.01,15080.01,0.0
1515440527,0.0,15080.01,0.0
1515440528,1.12157722,15080.00985041,-1e-08
1515440529,0.0,15080.00985041,0.0
1515440530,0.0,15080.00985041,0.0
1515440531,0.0,15080.00985041,0.0
1515440532,0.7,15080.0,-6.5e-07
1515440533,0.02,15078.675235,-8.785e-05
1515440534,0.015,15071.09458667,-0.00050274
1515440535,0.0,15071.09458667,0.0
1515440536,0.265,15060.49365833,-0.00070339
1515440537,0.01284707,15060.02,-3.145e-05
1515440538,0.04715293,15060.02,0.0
1515440539,0.26946882,15060.01,-6.6e-07
1515440540,0.01,15060.02,6.6e-07
1515440541,0.02,15060.02,0.0
1515440542,3.48784745,15059.31032638,-4.712e-05
1515440543,0.49706277,15051.01,-0.00055118
1515440544,1.01,15051.00009901,-6.6e-07
1515440545,0.03184713,15051.01,6.6e-07
1515440546,0.0,15051.01,0.0
1515440547,0.02,15051.01,0.0
1515440548,0.7793,15051.01,0.0
1515440549,0.15294332,15051.01,-0.0
1515440550,0.0,15051.01,0.0
1515440551,0.09304968,15051.0,-6.6e-07
1515440552,0.0,15051.0,0.0
1515440553,0.0,15051.0,0.0
1515440554,0.0,15051.0,0.0
1515440555,0.0,15051.0,0.0
1515440556,0.00772635,15051.01,6.6e-07
1515440557,0.10290253,15051.01,-0.0
1515440558,0.0,15051.01,0.0
1515440559,0.06663381,15051.01,0.0
1515440560,0.0,15051.01,0.0
1515440561,0.0,15051.01,0.0
1515440562,0.0,15051.01,0.0
1515440563,0.0,15051.01,0.0
1515440564,0.00396047,15051.01,0.0
1515440565,0.0,15051.01,0.0
1515440566,0.0336,15051.0,-6.6e-07
1515440567,0.48866776,15051.01,6.6e-07
1515440568,0.02,15051.01,-0.0
1515440569,0.02127947,15051.01,0.0
1515440570,0.0,15051.01,0.0
1515440571,0.00881933,15051.01,0.0
1515440572,0.0,15051.01,0.0
1515440573,0.0,15051.01,0.0
1515440574,0.2255369,15051.01,-0.0
1515440575,0.15792157,15051.01,0.0
1515440576,0.30762275,15051.01,0.0
1515440577,0.0,15051.01,0.0
1515440578,0.0,15051.01,0.0
1515440579,0.01,15051.01,-0.0
1515440580,0.0,15051.01,0.0
1515440581,0.0,15051.01,0.0
1515440582,0.0063187,15051.01,0.0
1515440583,0.0,15051.01,0.0
1515440584,0.04,15051.01,-0.0
1515440585,0.132626,15051.0,-6.6e-07
1515440586,0.5205,15051.01,6.6e-07
1515440587,0.0,15051.01,0.0
1515440588,0.01731,15051.01,-0.0
1515440589,0.00375706,15051.01,0.0
1515440590,0.06437,15051.01,0.0
1515440591,0.0,15051.01,0.0
1515440592,0.0,15051.01,0.0
1515440593,0.0,15051.01,0.0
1515440594,0.0,15051.01,0.0
1515440595,2.29104,15051.0,-6.6e-07
1515440596,0.01,15051.01,6.6e-07
1515440597,0.0,15051.01,0.0
1515440598,0.03313751,15051.01,0.0
1515440599,0.04917942,15051.01,0.0
1515440600,0.0066275,15051.01,-0.0
1515440601,0.0,15051.01,0.0
1515440602,0.0,15051.01,0.0
1515440603,0.01866553,15051.01,0.0
1515440604,0.27943296,15051.01,-0.0
1515440605,0.00804527,15051.01,0.0
1515440606,0.06627503,15051.01,0.0
1515440607,0.10745574,15051.00265549,-4.9e-07
1515440608,0.00331777,15051.01,4.9e-07
1515440609,0.0,15051.01,0.0
1515440610,2.0306,15051.0,-6.6e-07
1515440611,0.00331777,15051.01,6.6e-07
1515440612,0.0,15051.01,0.0
1515440613,0.0,15051.01,0.0
1515440614,0.65234059,15051.01,-0.0
1515440615,0.0,15051.01,0.0
1515440616,0.0,15051.01,0.0
1515440617,0.0,15051.01,0.0
1515440618,0.120006,15051.0,-6.6e-07
1515440619,0.0,15051.0,0.0
1515440620,0.0,15051.0,0.0
1515440621,0.0,15051.0,0.0
1515440622,0.0,15051.0,0.0
1515440623,0.0,15051.0,0.0
1515440624,0.0,15051.0,0.0
1515440625,0.0,15051.0,0.0
1515440626,0.27638077,15051.01,6.6e-07
1515440627,0.13255007,15051.01,0.0
1515440628,0.13255007,15051.01,0.0
1515440629,0.0,15051.01,0.0
1515440630,0.0,15051.01,0.0
1515440631,0.01128803,15051.01,-0.0
1515440632,0.0,15051.01,0.0
1515440633,0.00606591,15051.01,0.0
1515440634,1.6247,15051.0,-6.6e-07
1515440635,0.0,15051.0,0.0
1515440636,0.0,15051.0,0.0
1515440637,0.03,15051.01,6.6e-07
1515440638,0.0,15051.01,0.0
1515440639,0.00375677,15051.01,0.0
1515440640,0.51059789,15053.34683082,0.00015526
1515440641,3.24514674,15054.49268075,7.612e-05
1515440642,0.0,15054.49268075,0.0
1515440643,0.0,15054.49268075,0.0
1515440644,0.01594213,15060.02,0.00036715
1515440645,0.1394948,15060.02,0.0
1515440646,0.0,15060.02,0.0
1515440647,0.0,15060.02,0.0
1515440648,0.0,15060.02,0.0
1515440649,0.0,15060.02,0.0
1515440650,6.61850199,15071.48046111,0.00076099
1515440651,0.06616289,15076.52,0.00033438
1515440652,0.0,15076.52,0.0
1515440653,0.0,15076.52,0.0
1515440654,0.0,15076.52,0.0
1515440655,0.0,15076.52,0.0
1515440656,0.0,15076.52,0.0
1515440657,0.00555661,15079.41,0.00019169
1515440658,0.28819618,15087.0366153,0.00050576
1515440659,0.0,15087.0366153,0.0
1515440660,0.00661502,15079.41,-0.00050551
1515440661,0.0,15079.41,0.0
1515440662,0.0,15079.41,0.0
1515440663,0.08866942,15079.41,-0.0
1515440664,0.0,15079.41,0.0
1515440665,0.0,15079.41,0.0
1515440666,0.0,15079.41,0.0
1515440667,0.0,15079.41,0.0
1515440668,0.0,15079.41,0.0
1515440669,0.0,15079.41,0.0
1515440670,6.615e-05,15079.41,0.0
1515440671,0.0,15079.41,0.0
1515440672,0.00992253,15079.41,0.0
1515440673,0.0,15079.41,0.0
1515440674,0.02,15079.41,0.0
1515440675,0.0,15079.41,0.0
1515440676,0.0,15079.41,0.0
1515440677,0.0,15079.41,0.0
1515440678,0.0,15079.41,0.0
1515440679,0.0794,15079.41,0.0
1515440680,0.0,15079.41,0.0
1515440681,0.0,15079.41,0.0
1515440682,0.03913463,15080.62,8.024e-05
1515440683,0.0,15080.62,0.0
1515440684,0.0,15080.62,0.0
1515440685,0.0,15080.62,0.0
1515440686,0.0,15080.62,0.0
1515440687,0.19772135,15084.58,0.00026259
1515440688,0.0,15084.58,0.0
1515440689,0.0,15084.58,0.0
1515440690,0.09985259,15084.58,0.0
1515440691,0.0,15084.58,0.0
1515440692,0.0,15084.58,0.0
1515440693,0.0,15084.58,0.0
1515440694,0.0,15084.58,0.0
1515440695,0.0,15084.58,0.0
1515440696,0.0,15084.58,0.0
1515440697,0.03645101,15086.02231943,9.562e-05
1515440698,2.554,15085.17961231,-5.586e-05
1515440699,0.0,15085.17961231,0.0
1515440700,0.0,15085.17961231,0.0
1515440701,0.0,15085.17961231,0.0
1515440702,0.0,15085.17961231,0.0
1515440703,0.0,15085.17961231,0.0
1515440704,0.03710688,15088.57,0.00022475
1515440705,0.01,15088.57,0.0
1515440706,0.11989,15088.57,-0.0
1515440707,0.0,15088.57,0.0
1515440708,0.0,15088.57,0.0
1515440709,0.0,15088.57,0.0
1515440710,0.0,15088.57,0.0
1515440711,0.01,15089.99,9.411e-05
1515440712,0.0,15089.99,0.0
1515440713,0.00015021,15089.99,-0.0
1515440714,0.01983078,15090.27,1.856e-05
1515440715,0.0,15090.27,0.0
1515440716,0.0,15090.27,0.0
1515440717,0.00661026,15090.27,0.0
1515440718,0.0,15090.27,0.0
1515440719,1.42288182,15090.26,-6.6e-07
1515440720,0.0,15090.26,0.0
1515440721,0.24478221,15099.86233012,0.00063633
1515440722,0.8807,15099.98,7.79e-06
1515440723,0.0,15099.98,0.0
1515440724,0.0,15099.98,0.0
1515440725,0.0,15099.98,0.0
1515440726,0.0,15099.98,0.0
1515440727,0.0,15099.98,0.0
1515440728,0.0,15099.98,0.0
1515440729,0.0,15099.98,0.0
1515440730,0.0,15099.98,0.0
1515440731,0.0,15099.98,0.0
1515440732,0.0,15099.98,0.0
1515440733,0.0,15099.98,0.0
1515440734,0.03303002,15099.99,6.6e-07
1515440735,0.0,15099.99,0.0
1515440736,0.0,15099.99,0.0
1515440737,0.0,15099.99,0.0
1515440738,0.0,15099.99,0.0
1515440739,0.0,15099.99,0.0
1515440740,0.0,15099.99,0.0
1515440741,0.0,15099.99,0.0
1515440742,0.0,15099.99,0.0
1515440743,0.0,15099.99,0.0
1515440744,0.02653723,15099.99,0.0
1515440745,0.2332,15099.99955832,6.3e-07
1515440746,1.28162045,15100.0,3e-08
1515440747,0.20151,15100.0,-0.0
1515440748,0.0331,15099.99,-6.6e-07
1515440749,0.0,15099.99,0.0
1515440750,0.0,15099.99,0.0
1515440751,0.0,15099.99,0.0
1515440752,0.0,15099.99,0.0
1515440753,0.03303,15100.0,6.6e-07
1515440754,0.0,15100.0,0.0
1515440755,0.0,15100.0,0.0
1515440756,0.0,15100.0,0.0
1515440757,0.06738121,15100.0,0.0
1515440758,0.23601062,15100.0,-0.0
1515440759,0.0,15100.0,0.0
1515440760,0.0,15100.0,0.0
1515440761,0.0,15100.0,0.0
1515440762,0.0,15100.0,0.0
1515440763,0.6515,15099.99,-6.6e-07
1515440764,0.0,15099.99,0.0
1515440765,0.0,15099.99,0.0
1515440766,0.0,15099.99,0.0
1515440767,0.03568297,15100.0,6.6e-07
1515440768,0.0,15100.0,0.0
1515440769,0.0,15100.0,0.0
1515440770,0.0,15100.0,0.0
1515440771,0.0,15100.0,0.0
1515440772,0.0,15100.0,0.0
1515440773,0.0,15100.0,0.0
1515440774,0.0,15100.0,0.0
1515440775,0.0,15100.0,0.0
1515440776,0.13229149,15100.0,-0.0
1515440777,0.0,15100.0,0.0
1515440778,0.0,15100.0,0.0
1515440779,0.06,15100.0,0.0
1515440780,0.0,15100.0,0.0
1515440781,0.25733,15100.0,0.0
1515440782,0.01,15100.0,-0.0
1515440783,2.2323567,15099.99993351,-0.0
1515440784,0.05684067,15100.0,0.0
1515440785,0.01,15100.0,0.0
1515440786,0.00232095,15099.99,-6.6e-07
1515440787,0.05306188,15100.0,6.6e-07
1515440788,0.00332698,15100.0,0.0
1515440789,0.01,15100.0,0.0
1515440790,0.0,15100.0,0.0
1515440791,0.0,15100.0,0.0
1515440792,0.01,15100.0,0.0
1515440793,0.006606,15100.0,-0.0
1515440794,0.0,15100.0,0.0
1515440795,0.0,15100.0,0.0
1515440796,0.0,15100.0,0.0
1515440797,0.0,15100.0,0.0
1515440798,0.1429,15099.99,-6.6e-07
1515440799,0.0,15099.99,0.0
1515440800,0.15606001,15100.0,6.6e-07
1515440801,0.0,15100.0,0.0
1515440802,0.0,15100.0,0.0
1515440803,0.0,15100.0,0.0
1515440804,0.0,15100.0,0.0
1515440805,0.0,15100.0,0.0
1515440806,0.0,15100.0,0.0
1515440807,0.0,15100.0,0.0
1515440808,0.000664,15099.99,-6.6e-07
1515440809,0.033725,15100.0,6.6e-07
1515440810,0.0,15100.0,0.0
1515440811,0.0,15100.0,0.0
1515440812,0.06,15100.0,0.0
1515440813,0.06421429,15100.0,-0.0
1515440814,0.0,15100.0,0.0
1515440815,0.04088718,15100.0,0.0
1515440816,0.0,15100.0,0.0
1515440817,0.0,15100.0,0.0
1515440818,0.01069434,15099.99,-6.6e-07
1515440819,0.0,15099.99,0.0
1515440820,0.0,15099.99,0.0
1515440821,0.0,15099.99,0.0
1515440822,0.5035,15099.99,-0.0
1515440823,0.0,15099.99,0.0
1515440824,0.06193,15100.0,6.6e-07
1515440825,0.0,15100.0,0.0
1515440826,0.0,15100.0,0.0
1515440827,0.0,15100.0,0.0
1515440828,0.0,15100.0,0.0
1515440829,0.0,15100.0,0.0
1515440830,0.00202143,15100.0,0.0
1515440831,0.0,15100.0,0.0
1515440832,1.98180046,15100.0,0.0
1515440833,0.0,15100.0,0.0
1515440834,0.13212003,15100.0,0.0
1515440835,0.04,15100.0,0.0
1515440836,0.0,15100.0,0.0
1515440837,0.0,15100.0,0.0
1515440838,0.000664,15099.99,-6.6e-07
1515440839,0.0,15099.99,0.0
1515440840,0.01666033,15100.0,6.6e-07
1515440841,0.12548373,15100.0,0.0
1515440842,0.03303,15100.0,0.0
1515440843,0.0,15100.0,0.0
1515440844,0.0,15100.0,0.0
1515440845,0.0,15100.0,0.0
1515440846,0.0,15100.0,0.0
1515440847,0.0,15100.0,0.0
1515440848,0.0,15100.0,0.0
1515440849,0.0,15100.0,0.0
1515440850,0.0,15100.0,0.0
1515440851,0.0,15100.0,0.0
1515440852,0.0,15100.0,0.0
1515440853,0.0,15100.0,0.0
1515440854,0.0,15100.0,0.0
1515440855,0.0,15100.0,0.0
1515440856,0.01239946,15100.0,0.0
1515440857,0.0,15100.0,0.0
1515440858,0.0,15100.0,0.0
1515440859,0.9592,15100.0,0.0
1515440860,0.02663638,15100.0,0.0
1515440861,0.0,15100.0,0.0
1515440862,0.0398096,15100.0,0.0
1515440863,0.0,15100.0,0.0
1515440864,0.0,15100.0,0.0
1515440865,0.0,15100.0,0.0
1515440866,0.0,15100.0,0.0
1515440867,0.03,15100.0,0.0
1515440868,0.0,15100.0,0.0
1515440869,0.06606001,15100.0,0.0
1515440870,0.0,15100.0,0.0
1515440871,0.02683797,15100.0,0.0
1515440872,0.0,15100.0,0.0
1515440873,0.0,15100.0,0.0
1515440874,0.0,15100.0,0.0
1515440875,0.0,15100.0,0.0
1515440876,6.01490472,15100.0,0.0
1515440877,0.0,15100.0,0.0
1515440878,0.0,15100.0,0.0
1515440879,0.0,15100.0,0.0
1515440880,0.0,15100.0,0.0
1515440881,0.82,15100.0,-0.0
1515440882,0.0,15100.0,0.0
1515440883,0.31837243,15100.0,0.0
1515440884,0.0,15100.0,0.0
1515440885,0.0,15100.0,0.0
1515440886,0.0,15100.0,0.0
1515440887,1.37936753,15099.99,-6.6e-07
1515440888,9.909e-05,15100.0,6.6e-07
1515440889,0.0,15100.0,0.0
1515440890,0.0,15100.0,0.0
1515440891,0.0,15100.0,0.0
1515440892,0.06616289,15099.99,-6.6e-07
1515440893,0.06,15100.0,6.6e-07
1515440894,0.0,15100.0,0.0
1515440895,0.0,15100.0,0.0
1515440896,0.23121005,15100.0,0.0
1515440897,0.02656659,15100.0,0.0
1515440898,0.0,15100.0,0.0
1515440899,0.06193,15100.0,0.0
1515440900,0.0,15100.0,0.0
1515440901,0.0,15100.0,0.0
1515440902,0.0,15100.0,0.0
1515440903,0.02,15100.0,0.0
1515440904,0.06777471,15099.99,-6.6e-07
1515440905,0.09509843,15099.99,0.0
1515440906,1.5606,15100.0,6.6e-07
1515440907,0.61476474,15099.99,-6.6e-07
1515440908,0.0,15099.99,0.0
1515440909,0.07340753,15100.0,6.6e-07
1515440910,0.1,15099.99,-6.6e-07
1515440911,0.01,15100.0,6.6e-07
1515440912,0.0732554,15099.99,-6.6e-07
1515440913,0.0169676,15100.0,6.6e-07
1515440914,0.01496837,15100.0,-0.0
1515440915,0.0,15100.0,0.0
1515440916,0.0,15100.0,0.0
1515440917,0.0,15100.0,0.0
1515440918,0.0,15100.0,0.0
1515440919,0.01,15100.0,0.0
1515440920,0.0,15100.0,0.0
1515440921,0.0,15100.0,0.0
1515440922,0.0,15100.0,0.0
1515440923,0.0389754,15100.0,0.0
1515440924,0.0,15100.0,0.0
1515440925,0.0,15100.0,0.0
1515440926,0.0,15100.0,0.0
1515440927,0.0,15100.0,0.0
1515440928,0.5805,15099.99943152,-4e-08
1515440929,0.0,15099.99943152,0.0
1515440930,0.0,15099.99943152,0.0
1515440931,0.01,15100.0,4e-08
1515440932,0.026424,15100.0,-0.0
1515440933,0.0,15100.0,0.0
1515440934,0.05435543,15100.0,0.0
1515440935,0.0,15100.0,0.0
1515440936,0.0,15100.0,0.0
1515440937,1.05736129,15099.99,-6.6e-07
1515440938,0.0,15099.99,0.0
1515440939,0.0,15099.99,0.0
1515440940,0.0,15099.99,0.0
1515440941,0.0,15099.99,0.0
1515440942,0.0,15099.99,0.0
1515440943,0.01,15100.0,6.6e-07
1515440944,0.32118497,15100.0,-0.0
1515440945,0.0,15100.0,0.0
1515440946,0.0,15100.0,0.0
1515440947,0.0,15100.0,0.0
1515440948,0.0,15100.0,0.0
1515440949,0.04184503,15100.0,0.0
1515440950,14.79281927,15100.0,-0.0
1515440951,0.0,15100.0,0.0
1515440952,0.0,15100.0,0.0
1515440953,0.0,15100.0,0.0
1515440954,1.0443,15100.0,0.0
1515440955,0.05953724,15100.0,0.0
1515440956,0.18781726,15099.99,-6.6e-07
1515440957,0.0,15099.99,0.0
1515440958,0.0,15099.99,0.0
1515440959,0.04,15100.0,6.6e-07
1515440960,0.0,15100.0,0.0
1515440961,0.0,15100.0,0.0
1515440962,0.0,15100.0,0.0
1515440963,0.0,15100.0,0.0
1515440964,0.0,15100.0,0.0
1515440965,0.0,15100.0,0.0
1515440966,0.0,15100.0,0.0
1515440967,0.38638476,15100.0,0.0
1515440968,0.71709332,15100.0,-0.0
1515440969,0.0,15100.0,0.0
1515440970,0.0,15100.0,0.0
1515440971,0.0,15100.0,0.0
1515440972,0.21561856,15100.0,0.0
1515440973,0.0,15100.0,0.0
1515440974,0.0,15100.0,0.0
1515440975,0.23909265,15100.0,0.0
1515440976,1.2653,15099.99,-6.6e-07
1515440977,0.03,15100.0,6.6e-07
1515440978,0.0,15100.0,0.0
1515440979,0.0,15100.0,0.0
1515440980,0.0,15100.0,0.0
1515440981,0.02,15100.0,0.0
1515440982,0.059818,15100.0,0.0
1515440983,0.0,15100.0,0.0
1515440984,0.0,15100.0,0.0
1515440985,0.0,15100.0,0.0
1515440986,0.0,15100.0,0.0
1515440987,0.04797969,15100.0,-0.0
1515440988,0.33030007,15100.0,0.0
1515440989,0.23121005,15100.0,0.0
1515440990,0.0,15100.0,0.0
1515440991,0.0,15100.0,0.0
1515440992,0.0,15100.0,0.0
1515440993,0.01,15100.0,0.0
1515440994,0.12062352,15100.0,0.0
1515440995,0.0,15100.0,0.0
1515440996,0.26099975,15100.0,0.0
1515440997,0.03633295,15100.02,1.32e-06
1515440998,0.0,15100.02,0.0
1515440999,0.0,15100.02,0.0
1515441000,0.4652,15100.01,-6.6e-07
1515441001,0.0,15100.01,0.0
1515441002,0.04079554,15100.02,6.6e-07
1515441003,0.25704657,15100.01038903,-6.4e-07
1515441004,0.0,15100.01038903,0.0
1515441005,0.0,15100.01038903,0.0
1515441006,2.48952651,15126.52906757,0.0017562
1515441007,0.0,15126.52906757,0.0
1515441008,0.000664,15109.03,-0.00115685
1515441009,0.0,15109.03,0.0
1515441010,0.0,15109.03,0.0
1515441011,0.03,15124.18,0.00100271
1515441012,0.944277,15124.1802118,1e-08
1515441013,0.0,15124.1802118,0.0
1515441014,0.28,15124.18,-1e-08
1515441015,0.0,15124.18,0.0
1515441016,0.03297717,15124.19,6.6e-07
1515441017,0.0,15124.19,0.0
1515441018,0.0,15124.19,0.0
1515441019,0.0,15124.19,0.0
1515441020,0.0,15124.19,0.0
1515441021,0.0,15124.19,0.0
1515441022,0.0,15124.19,0.0
1515441023,0.0,15124.19,0.0
1515441024,0.84258497,15130.02407757,0.00038574
1515441025,0.0,15130.02407757,0.0
1515441026,0.0,15130.02407757,0.0
1515441027,0.0,15130.02407757,0.0
1515441028,0.04238685,15133.21,0.00021057
1515441029,0.0,15133.21,0.0
1515441030,0.16962317,15133.21,-0.0
1515441031,0.0,15133.21,0.0
1515441032,0.0,15133.21,0.0
1515441033,1.98262607,15133.2,-6.6e-07
1515441034,0.09,15129.98996667,-0.00021212
1515441035,0.0,15129.98996667,0.0
1515441036,0.033,15129.0,-6.543e-05
1515441037,0.02909382,15129.01,6.6e-07
1515441038,0.0,15129.01,0.0
1515441039,0.0,15129.01,0.0
1515441040,1.31866689,15129.01,-0.0
1515441041,0.0,15129.01,0.0
1515441042,0.00300656,15129.01,0.0
1515441043,0.0,15129.01,0.0
1515441044,0.0,15129.01,0.0
1515441045,0.2168,15129.01,0.0
1515441046,0.02945155,15129.0,-6.6e-07
1515441047,0.01912067,15129.01,6.6e-07
1515441048,0.0,15129.01,0.0
1515441049,0.0,15129.01,0.0
1515441050,0.0,15129.01,0.0
1515441051,0.0,15129.01,0.0
1515441052,0.0,15129.01,0.0
1515441053,0.0,15129.01,0.0
1515441054,0.0,15129.01,0.0
1515441055,0.0,15129.01,0.0
1515441056,0.0,15129.01,0.0
1515441057,0.0,15129.01,0.0
1515441058,0.0,15129.01,0.0
1515441059,0.0,15129.01,0.0
1515441060,0.03956,15129.01,0.0
1515441061,6.593e-05,15129.01,0.0
1515441062,0.0,15129.01,0.0
1515441063,0.0,15129.01,0.0
1515441064,0.0,15129.01,0.0
1515441065,0.06593334,15129.01,0.0
1515441066,0.0,15129.01,0.0
1515441067,0.01318666,15129.01,0.0
1515441068,0.06,15129.01,0.0
1515441069,2.5907,15129.01,0.0
1515441070,0.0,15129.01,0.0
1515441071,0.01,15129.01,-0.0
1515441072,0.06193,15129.01,0.0
1515441073,0.0,15129.01,0.0
1515441074,1.18758611,15129.00277039,-4.8e-07
1515441075,0.0,15129.00277039,0.0
1515441076,2.27286668,15129.00999868,4.8e-07
1515441077,0.0,15129.00999868,0.0
1515441078,0.0,15129.00999868,0.0
1515441079,0.33233945,15129.0,-6.6e-07
1515441080,0.00386252,15129.0,0.0
1515441081,0.0,15129.0,0.0
1515441082,0.000606,15129.0,0.0
1515441083,0.0,15129.0,0.0
1515441084,0.0,15129.0,0.0
1515441085,0.0,15129.0,0.0
1515441086,0.0,15129.0,0.0
1515441087,0.0,15129.0,0.0
1515441088,0.0,15129.0,0.0
1515441089,0.0,15129.0,0.0
1515441090,0.26241471,15129.01,6.6e-07
1515441091,0.3826,15129.99998113,6.544e-05
1515441092,0.0,15129.99998113,0.0
1515441093,0.0,15129.99998113,0.0
1515441094,0.0,15129.99998113,0.0
1515441095,0.0,15129.99998113,0.0
1515441096,0.08652525,15130.0,0.0
1515441097,0.0,15130.0,0.0
1515441098,0.0,15130.0,0.0
1515441099,0.32964515,15130.0,0.0
1515441100,0.19875,15129.99,-6.6e-07
1515441101,0.0,15129.99,0.0
1515441102,0.0,15129.99,0.0
1515441103,0.0,15129.99,0.0
1515441104,0.1991029,15129.99,0.0
1515441105,0.0,15129.99,0.0
1515441106,0.0,15129.99,0.0
1515441107,0.0,15129.99,0.0
1515441108,0.0,15129.99,0.0
1515441109,0.32964515,15130.0,6.6e-07
1515441110,0.0,15130.0,0.0
1515441111,0.0,15130.0,0.0
1515441112,0.0,15130.0,0.0
1515441113,0.4559,15130.0,-0.0
1515441114,0.0,15130.0,0.0
1515441115,0.0,15130.0,0.0
1515441116,0.0,15130.0,0.0
1515441117,0.46150321,15130.0,0.0
1515441118,0.0,15130.0,0.0
1515441119,0.0,15130.0,0.0
1515441120,0.0,15130.0,0.0
1515441121,0.0,15130.0,0.0
1515441122,0.0,15130.0,0.0
1515441123,0.0,15130.0,0.0
1515441124,0.0,15130.0,0.0
1515441125,0.0,15130.0,0.0
1515441126,0.0,15130.0,0.0
1515441127,0.0,15130.0,0.0
1515441128,0.068929,15129.99956477,-3e-08
1515441129,0.0,15129.99956477,0.0
1515441130,0.0,15129.99956477,0.0
1515441131,0.0,15129.99956477,0.0
1515441132,0.0,15129.99956477,0.0
1515441133,0.0,15129.99956477,0.0
1515441134,0.0,15129.99956477,0.0
1515441135,0.8741,15130.0,3e-08
1515441136,0.0,15130.0,0.0
1515441137,0.0,15130.0,0.0
1515441138,0.0028334,15130.0,0.0
1515441139,0.06307734,15130.0,0.0
1515441140,0.0,15130.0,0.0
1515441141,0.0,15130.0,0.0
1515441142,0.0,15130.0,0.0
1515441143,0.23903777,15130.0,0.0
1515441144,0.0,15130.0,0.0
1515441145,0.03,15130.0,0.0
1515441146,2.4686075,15129.99,-6.6e-07
1515441147,0.0,15129.99,0.0
1515441148,0.0,15129.99,0.0
1515441149,0.0,15129.99,0.0
1515441150,0.08426965,15130.0,6.6e-07
1515441151,0.85504217,15129.99320708,-4.5e-07
1515441152,0.0,15129.99320708,0.0
1515441153,5.49429741,15130.0,4.5e-07
1515441154,0.07559735,15130.0,0.0
1515441155,0.27313816,15130.0,0.0
1515441156,0.0,15130.0,0.0
1515441157,0.0,15130.0,0.0
1515441158,1.3012,15129.99,-6.6e-07
1515441159,0.46847806,15130.0,6.6e-07
1515441160,0.16568464,15130.0,0.0
1515441161,0.0,15130.0,0.0
1515441162,0.0,15130.0,0.0
1515441163,0.02055271,15130.0,-0.0
1515441164,0.32916639,15130.0,0.0
1515441165,0.01352339,15130.0,0.0
1515441166,0.04418406,15131.9998642,0.00013218
1515441167,0.40095193,15134.25693334,0.00014916
1515441168,0.002,15136.2585,0.00013225
1515441169,0.0,15136.2585,0.0
1515441170,0.0,15136.2585,0.0
1515441171,0.13843037,15132.25,-0.00026483
1515441172,0.0,15132.25,0.0
1515441173,0.0,15132.25,0.0
1515441174,0.0,15132.25,0.0
1515441175,0.0,15132.25,0.0
1515441176,0.09864416,15132.25,0.0
1515441177,0.03758071,15132.25,0.0
1515441178,0.63303644,15132.25,0.0
1515441179,0.0,15132.25,0.0
1515441180,0.06,15132.25,0.0
1515441181,1.48173053,15132.25,-0.0
1515441182,0.0,15132.25,0.0
1515441183,1.07113977,15135.29560493,0.00020127
1515441184,0.1533123,15133.1787121,-0.00013986
1515441185,0.0759018,15136.25,0.00020295
1515441186,0.0,15136.25,0.0
1515441187,0.0296394,15136.25,-0.0
1515441188,0.04356086,15136.25,0.0
1515441189,0.03492795,15136.25,-0.0
1515441190,0.0,15136.25,0.0
1515441191,0.85902832,15136.25,0.0
1515441192,0.0,15136.25,0.0
1515441193,0.24257012,15136.25,0.0
1515441194,0.0,15136.25,0.0
1515441195,0.01707221,15136.25,0.0
1515441196,0.0,15136.25,0.0
1515441197,0.0,15136.25,0.0
1515441198,0.0,15136.25,0.0
1515441199,0.0,15136.25,0.0
1515441200,0.06,15136.25,0.0
1515441201,0.02,15136.25,0.0
1515441202,0.00477971,15136.25,0.0
1515441203,0.0,15136.25,0.0
1515441204,1.0362,15136.25,0.0
1515441205,0.0,15136.25,0.0
1515441206,0.0,15136.25,0.0
1515441207,0.0,15136.25,0.0
1515441208,0.56267358,15136.25,-0.0
1515441209,0.0,15136.25,0.0
1515441210,0.13117547,15136.57,2.114e-05
1515441211,0.17734591,15137.58317664,6.694e-05
1515441212,0.00236566,15138.42579796,5.566e-05
1515441213,0.17201226,15138.99599465,3.767e-05
1515441214,0.01647245,15138.99973532,2.5e-07
1515441215,0.04,15138.99990325,1e-08
1515441216,0.0,15138.99990325,0.0
1515441217,0.09740211,15138.99990534,0.0
1515441218,0.000664,15138.98,-1.31e-06
1515441219,0.09933,15139.0,1.32e-06
1515441220,0.0,15139.0,0.0
1515441221,0.0,15139.0,0.0
1515441222,0.0,15139.0,0.0
1515441223,0.23485769,15139.0,-0.0
1515441224,0.21818182,15139.0,-0.0
1515441225,0.01621064,15139.0,0.0
1515441226,0.0,15139.0,0.0
1515441227,0.0,15139.0,0.0
1515441228,0.03308911,15138.99,-6.6e-07
1515441229,0.6562,15139.85641971,5.723e-05
1515441230,0.0,15139.85641971,0.0
1515441231,0.1,15139.93,4.86e-06
1515441232,0.02,15139.93,0.0
1515441233,0.0,15139.93,0.0
1515441234,1.05417262,15139.93,0.0
1515441235,0.0,15139.93,0.0
1515441236,0.0,15139.93,0.0
1515441237,0.0,15139.93,0.0
1515441238,0.28876977,15140.0,4.62e-06
1515441239,0.34825914,15140.0,0.0
1515441240,0.0,15140.0,0.0
1515441241,0.0,15140.0,0.0
1515441242,0.0,15140.0,0.0
1515441243,0.0,15140.0,0.0
1515441244,0.0,15140.0,0.0
1515441245,0.0,15140.0,0.0
1515441246,0.01,15140.0,0.0
1515441247,0.63459427,15140.0,0.0
1515441248,0.04611983,15140.0,0.0
1515441249,0.0,15140.0,0.0
1515441250,0.0,15140.0,0.0
1515441251,0.03979076,15140.0,0.0
1515441252,0.01668688,15139.99987085,-1e-08
1515441253,0.22504739,15140.0,1e-08
1515441254,0.0,15140.0,0.0
1515441255,0.0,15140.0,0.0
1515441256,0.0,15140.0,0.0
1515441257,0.0,15140.0,0.0
1515441258,0.0,15140.0,0.0
1515441259,0.0,15140.0,0.0
1515441260,0.0,15140.0,0.0
1515441261,0.0,15140.0,0.0
1515441262,0.0,15140.0,0.0
1515441263,0.0,15140.0,0.0
1515441264,0.0,15140.0,0.0
1515441265,0.01976564,15140.0,-0.0
1515441266,0.0,15140.0,0.0
1515441267,0.06,15140.0,0.0
1515441268,0.0,15140.0,0.0
1515441269,0.6184859,15139.99,-6.6e-07
1515441270,0.01,15140.0,6.6e-07
1515441271,0.0,15140.0,0.0
1515441272,0.1626,15140.0,0.0
1515441273,1.18134954,15139.99,-6.6e-07
1515441274,0.0,15139.99,0.0
1515441275,0.0315,15139.99952381,6.3e-07
1515441276,0.0,15139.99952381,0.0
1515441277,0.0,15139.99952381,0.0
1515441278,1.13814843,15139.98994728,-6.3e-07
1515441279,0.994,15139.78268511,-1.369e-05
1515441280,0.0,15139.78268511,0.0
1515441281,0.0,15139.78268511,0.0
1515441282,0.0,15139.78268511,0.0
1515441283,0.0,15139.78268511,0.0
1515441284,0.06403,15139.81,1.8e-06
1515441285,0.0,15139.81,0.0
1515441286,0.0,15139.81,0.0
1515441287,0.0,15139.81,0.0
1515441288,0.0,15139.81,0.0
1515441289,0.02471129,15139.81,0.0
1515441290,0.0,15139.81,0.0
1515441291,0.0,15139.81,0.0
1515441292,0.48125669,15139.80117311,-5.8e-07
1515441293,0.0,15139.80117311,0.0
1515441294,0.0,15139.80117311,0.0
1515441295,0.02387506,15139.78,-1.4e-06
1515441296,0.16066372,15139.78,0.0
1515441297,0.02,15139.78,0.0
1515441298,0.00131772,15139.78,0.0
1515441299,0.0,15139.78,0.0
1515441300,0.02497756,15139.78,0.0
1515441301,0.0,15139.78,0.0
1515441302,1.01998042,15139.77,-6.6e-07
1515441303,0.01,15139.78,6.6e-07
1515441304,0.0,15139.78,0.0
1515441305,0.0,15139.78,0.0
1515441306,0.0,15139.78,0.0
1515441307,0.0,15139.78,0.0
1515441308,0.0,15139.78,0.0
1515441309,0.32877334,15139.78,0.0
1515441310,1.1686,15139.78,-0.0
1515441311,0.34175,15139.77029261,-6.4e-07
1515441312,0.0,15139.77029261,0.0
1515441313,0.0893,15139.78,6.4e-07
1515441314,0.0,15139.78,0.0
1515441315,0.01,15139.78,0.0
1515441316,0.0,15139.78,0.0
1515441317,0.0,15139.78,0.0
1515441318,0.03294322,15139.78,0.0
1515441319,0.0,15139.78,0.0
1515441320,0.0,15139.78,0.0
1515441321,0.0,15139.78,0.0
1515441322,1.0205957,15139.77,-6.6e-07
1515441323,0.13283646,15139.78,6.6e-07
1515441324,0.0,15139.78,0.0
1515441325,0.0,15139.78,0.0
1515441326,0.0,15139.78,0.0
1515441327,0.0,15139.78,0.0
1515441328,0.0,15139.78,0.0
1515441329,0.03986593,15139.78,-0.0
1515441330,0.0,15139.78,0.0
1515441331,0.0,15139.78,0.0
1515441332,0.0,15139.78,0.0
1515441333,0.0,15139.78,0.0
1515441334,0.46120509,15139.78,0.0
1515441335,0.97124155,15139.77534574,-3.1e-07
1515441336,0.05,15139.78,3.1e-07
1515441337,0.0,15139.78,0.0
1515441338,0.10000112,15139.78,0.0
1515441339,0.0,15139.78,0.0
1515441340,0.0,15139.78,0.0
1515441341,0.0,15139.78,0.0
1515441342,0.0,15139.78,0.0
1515441343,0.0,15139.78,0.0
1515441344,0.0,15139.78,0.0
1515441345,0.0,15139.78,0.0
1515441346,0.0,15139.78,0.0
1515441347,0.0,15139.78,0.0
1515441348,0.0,15139.78,0.0
1515441349,0.0,15139.78,0.0
1515441350,0.03,15139.78,0.0
1515441351,0.0,15139.78,0.0
1515441352,0.0,15139.78,0.0
1515441353,0.6411,15139.78,-0.0
1515441354,0.0,15139.78,0.0
1515441355,0.636576,15139.77,-6.6e-07
1515441356,0.01,15139.78,6.6e-07
1515441357,0.13111401,15139.78,0.0
1515441358,0.47781098,15139.77997233,-0.0
1515441359,0.03294322,15139.78,0.0
1515441360,0.0,15139.78,0.0
1515441361,0.0,15139.78,0.0
1515441362,0.0,15139.78,0.0
1515441363,0.19382413,15139.77,-6.6e-07
1515441364,0.0,15139.77,0.0
1515441365,0.0,15139.77,0.0
1515441366,0.0,15139.77,0.0
1515441367,0.0,15139.77,0.0
1515441368,0.4487704,15139.77179197,1.2e-07
1515441369,0.0,15139.77179197,0.0
1515441370,1.01925101,15139.77,-1.2e-07
1515441371,0.31262614,15139.78,6.6e-07
1515441372,0.0,15139.78,0.0
1515441373,0.13264524,15139.77,-6.6e-07
1515441374,0.0591,15139.78,6.6e-07
1515441375,1.06857131,15139.77045868,-6.3e-07
1515441376,0.0,15139.77045868,0.0
1515441377,0.0,15139.77045868,0.0
1515441378,0.0,15139.77045868,0.0
1515441379,0.0,15139.77045868,0.0
1515441380,0.0,15139.77045868,0.0
1515441381,0.0,15139.77045868,0.0
1515441382,0.3296068,15139.78,6.3e-07
1515441383,0.0,15139.78,0.0
1515441384,0.06588644,15139.78,0.0
1515441385,0.06281745,15139.78,0.0
1515441386,0.0,15139.78,0.0
1515441387,0.33138163,15139.78,0.0
1515441388,0.0593,15139.78,-0.0
1515441389,0.38615792,15139.78,0.0
1515441390,0.04392238,15139.78,0.0
1515441391,0.00658864,15139.78,-0.0
1515441392,0.0,15139.78,0.0
1515441393,1.26173116,15139.77104438,-5.9e-07
1515441394,0.11430364,15139.78,5.9e-07
1515441395,0.0,15139.78,0.0
1515441396,0.5131,15139.77,-6.6e-07
1515441397,0.0,15139.77,0.0
1515441398,0.49414831,15139.78,6.6e-07
1515441399,0.0,15139.78,0.0
1515441400,0.00658864,15139.78,0.0
1515441401,0.0136083,15139.78,0.0
1515441402,0.0,15139.78,0.0
1515441403,0.0,15139.78,0.0
1515441404,0.00119034,15139.77,-6.6e-07
1515441405,0.02,15139.78,6.6e-07
1515441406,0.0,15139.78,0.0
1515441407,0.0,15139.78,0.0
1515441408,0.0,15139.78,0.0
1515441409,0.03,15139.78,0.0
1515441410,0.49546208,15139.78,0.0
1515441411,0.0,15139.78,0.0
1515441412,0.01,15139.78,0.0
1515441413,0.05969017,15139.78,0.0
1515441414,0.0,15139.78,0.0
1515441415,0.0,15139.78,0.0
1515441416,0.0,15139.78,0.0
1515441417,0.03294322,15139.78,0.0
1515441418,0.0,15139.78,0.0
1515441419,0.01317728,15139.78,0.0
1515441420,1.03321577,15139.78,0.0
1515441421,0.0,15139.78,0.0
1515441422,2.3871,15139.78,0.0
1515441423,0.09882966,15139.78,0.0
1515441424,0.0,15139.78,0.0
1515441425,0.04,15139.78,0.0
1515441426,0.0,15139.78,0.0
1515441427,0.13177288,15139.78,0.0
1515441428,0.0,15139.78,0.0
1515441429,0.0,15139.78,0.0
1515441430,0.0,15139.78,0.0
1515441431,0.01,15139.78,-0.0
1515441432,0.0,15139.78,0.0
1515441433,0.00015024,15139.78,0.0
1515441434,2.37589429,15139.77069328,-6.1e-07
1515441435,0.02642397,15139.77,-5e-08
1515441436,0.0,15139.77,0.0
1515441437,0.00046779,15139.78,6.6e-07
1515441438,0.0,15139.78,0.0
1515441439,0.57358723,15139.78,0.0
1515441440,0.20344118,15139.78,-0.0
1515441441,0.33861294,15139.78,0.0
1515441442,0.0,15139.78,0.0
1515441443,0.12,15139.78,-0.0
1515441444,0.06141,15139.78,0.0
1515441445,0.25596638,15139.78,0.0
1515441446,0.00395318,15139.78,0.0
1515441447,1.9617,15139.77,-6.6e-07
1515441448,0.0,15139.77,0.0
1515441449,0.0,15139.77,0.0
1515441450,0.0,15139.77,0.0
1515441451,0.0,15139.77,0.0
1515441452,0.03,15139.78,6.6e-07
1515441453,0.0,15139.78,0.0
1515441454,0.98194451,15139.77020368,-6.5e-07
1515441455,0.0,15139.77020368,0.0
1515441456,0.0,15139.77020368,0.0
1515441457,0.0,15139.77020368,0.0
1515441458,0.02002015,15139.78,6.5e-07
1515441459,0.0,15139.78,0.0
1515441460,0.0,15139.78,0.0
1515441461,0.04,15139.78,0.0
1515441462,0.06588644,15139.78,0.0
1515441463,0.1767023,15139.77372867,-4.1e-07
1515441464,0.0,15139.77372867,0.0
1515441465,0.0,15139.77372867,0.0
1515441466,2.0364,15139.77103123,-1.8e-07
1515441467,2.6826096,15139.77,-7e-08
1515441468,0.0,15139.77,0.0
1515441469,0.0,15139.77,0.0
1515441470,0.0,15139.77,0.0
1515441471,0.0,15139.77,0.0
1515441472,0.13,15139.77,-0.0
1515441473,0.0,15139.77,0.0
1515441474,0.06588644,15139.78,6.6e-07
1515441475,0.0,15139.78,0.0
1515441476,2.14150303,15139.77069026,-6.1e-07
1515441477,0.40620866,15139.78,6.1e-07
1515441478,0.0,15139.78,0.0
1515441479,0.0,15139.78,0.0
1515441480,0.0,15139.78,0.0
1515441481,0.0,15139.78,0.0
1515441482,0.49468367,15139.77991403,-1e-08
1515441483,0.0,15139.77991403,0.0
1515441484,0.13,15139.77,-6.5e-07
1515441485,12.38553007,15136.09906201,-0.00024247
1515441486,0.0,15136.09906201,0.0
1515441487,0.0,15136.09906201,0.0
1515441488,0.04500056,15121.26,-0.00098038
1515441489,0.46604,15121.25,-6.6e-07
1515441490,1.43059963,15119.85283425,-9.24e-05
1515441491,0.02,15119.75,-6.8e-06
1515441492,0.0,15119.75,0.0
1515441493,0.04,15119.58,-1.124e-05
1515441494,0.01737224,15117.79330022,-0.00011817
1515441495,0.0,15117.79330022,0.0
1515441496,0.02,15118.5,4.675e-05
1515441497,0.0,15118.5,0.0
1515441498,0.38373443,15118.5,0.0
1515441499,0.1141049,15118.5,0.0
1515441500,0.0804642,15118.5,0.0
1515441501,0.0,15118.5,0.0
1515441502,0.00332705,15118.5,0.0
1515441503,0.0,15118.5,0.0
1515441504,0.0,15118.5,0.0
1515441505,0.04757101,15118.49280046,-4.8e-07
1515441506,0.0,15118.49280046,0.0
1515441507,0.06,15118.5,4.8e-07
1515441508,0.0,15118.5,0.0
1515441509,0.04,15118.5,0.0
1515441510,0.13837493,15118.5,0.0
1515441511,0.0,15118.5,0.0
1515441512,0.0,15118.5,0.0
1515441513,0.41554656,15118.49392254,-4e-07
1515441514,0.0,15118.49392254,0.0
1515441515,0.00351709,15118.5,4e-07
1515441516,0.6902853,15118.49039238,-6.4e-07
1515441517,0.00050626,15118.5,6.4e-07
1515441518,0.64643071,15118.5,0.0
1515441519,0.0,15118.5,0.0
1515441520,0.0,15118.5,0.0
1515441521,0.03286844,15118.5,-0.0
1515441522,0.941744,15118.49,-6.6e-07
1515441523,0.16101078,15118.5,6.6e-07
1515441524,0.0072577,15118.5,-0.0
1515441525,0.0,15118.5,0.0
1515441526,0.0932531,15118.5,0.0
1515441527,0.18266459,15118.5,0.0
1515441528,0.04170934,15118.5,0.0
1515441529,1.02424608,15118.49,-6.6e-07
1515441530,0.172432,15118.49,0.0
1515441531,0.46506193,15118.5,6.6e-07
1515441532,4.15892471,15118.5,0.0
1515441533,0.04,15118.64,9.26e-06
1515441534,0.0,15118.64,0.0
1515441535,0.05697859,15118.64,0.0
1515441536,0.0,15118.64,0.0
1515441537,1.23888732,15118.64,0.0
1515441538,0.79057795,15119.33492865,4.597e-05
1515441539,0.0,15119.33492865,0.0
1515441540,0.01,15120.0,4.399e-05
1515441541,0.0,15120.0,0.0
1515441542,0.72356112,15120.0,-0.0
1515441543,0.43321466,15120.0,0.0
1515441544,0.41313161,15120.0,0.0
1515441545,0.0,15120.0,0.0
1515441546,0.0,15120.0,0.0
1515441547,0.15418472,15120.0,-0.0
1515441548,0.0,15120.0,0.0
1515441549,1.0,15119.99,-6.6e-07
1515441550,0.0,15119.99,0.0
1515441551,0.0,15119.99,0.0
1515441552,0.00021414,15120.0,6.6e-07
1515441553,0.0,15120.0,0.0
1515441554,0.0,15120.0,0.0
1515441555,0.07339698,15120.0,0.0
1515441556,0.0,15120.0,0.0
1515441557,0.03286386,15120.0,-0.0
1515441558,0.0,15120.0,0.0
1515441559,0.0,15120.0,0.0
1515441560,1.0840017,15120.0,0.0
1515441561,0.0,15120.0,0.0
1515441562,0.0,15120.0,0.0
1515441563,0.0,15120.0,0.0
1515441564,0.0,15120.0,0.0
1515441565,0.0,15120.0,0.0
1515441566,0.0,15120.0,0.0
1515441567,0.0,15120.0,0.0
1515441568,0.0,15120.0,0.0
1515441569,0.0,15120.0,0.0
1515441570,6.597e-05,15120.0,-0.0
1515441571,0.0,15120.0,0.0
1515441572,0.0,15120.0,0.0
1515441573,0.03808799,15120.0,0.0
1515441574,0.0,15120.0,0.0
1515441575,0.13506498,15120.0,0.0
1515441576,0.57725401,15120.0,0.0
1515441577,0.38683746,15120.0,-0.0
1515441578,0.0,15120.0,0.0
1515441579,0.9389,15120.0,0.0
1515441580,0.0,15120.0,0.0
1515441581,0.0,15120.0,0.0
1515441582,0.0,15120.0,0.0
1515441583,0.0,15120.0,0.0
1515441584,0.06270935,15120.0,0.0
1515441585,0.97457188,15120.0,-0.0
1515441586,0.0,15120.0,0.0
1515441587,0.0,15120.0,0.0
1515441588,0.37949969,15120.0,-0.0
1515441589,0.20662187,15120.0,0.0
1515441590,0.35242303,15120.0,-0.0
1515441591,0.0,15120.0,0.0
1515441592,0.0,15120.0,0.0
1515441593,0.0,15120.0,0.0
1515441594,0.0039477,15120.0,0.0
1515441595,0.0,15120.0,0.0
1515441596,0.0,15120.0,0.0
1515441597,0.10412387,15120.0,0.0
1515441598,0.0,15120.0,0.0
1515441599,1.1369,15120.0,0.0
1515441600,0.0,15120.0,0.0
1515441601,0.07186183,15120.0,-0.0
1515441602,0.00131945,15120.0,0.0
1515441603,0.07712529,15120.0,-0.0
1515441604,0.0,15120.0,0.0
1515441605,0.0,15120.0,0.0
1515441606,0.0,15120.0,0.0
1515441607,0.00174699,15120.0,0.0
1515441608,0.0,15120.0,0.0
1515441609,0.0,15120.0,0.0
1515441610,0.01319452,15120.0,-0.0
1515441611,0.0,15120.0,0.0
1515441612,0.00770062,15120.0,0.0
1515441613,0.04551131,15120.0,0.0
1515441614,0.0,15120.0,0.0
1515441615,0.00146645,15120.0,0.0
1515441616,0.31265399,15119.99200394,-5.3e-07
1515441617,0.06877938,15119.99258499,4e-08
1515441618,0.0,15119.99258499,0.0
1515441619,0.36305769,15120.0,4.9e-07
1515441620,0.05022418,15120.0,-0.0
1515441621,0.0,15120.0,0.0
1515441622,0.04,15120.0,0.0
1515441623,0.01292253,15120.0,-0.0
1515441624,0.0,15120.0,0.0
1515441625,0.0,15120.0,0.0
1515441626,0.04290729,15120.0,0.0
1515441627,0.0,15120.0,0.0
1515441628,0.0,15120.0,0.0
1515441629,0.34564805,15120.53777648,3.557e-05
1515441630,0.0,15120.53777648,0.0
1515441631,0.20951109,15121.0,3.057e-05
1515441632,0.0,15121.0,0.0
1515441633,0.31459027,15121.0,-0.0
1515441634,0.0,15121.0,0.0
1515441635,0.06164888,15123.27554548,0.00015049
1515441636,0.0,15123.27554548,0.0
1515441637,0.41965259,15137.76895616,0.00095835
1515441638,0.07481296,15140.0,0.00014738
1515441639,0.44510144,15139.99902943,-6e-08
1515441640,0.0,15139.99902943,0.0
1515441641,0.06,15140.0,6e-08
1515441642,0.0,15140.0,0.0
1515441643,0.0,15140.0,0.0
1515441644,0.05647137,15140.0,0.0
1515441645,0.00581306,15140.0,0.0
1515441646,0.05938,15140.0,-0.0
1515441647,0.06588548,15140.0,0.0
1515441648,0.000464,15139.99,-6.6e-07
1515441649,0.0,15139.99,0.0
1515441650,0.0,15139.99,0.0
1515441651,0.79729862,15139.99999731,6.6e-07
1515441652,0.0,15139.99999731,0.0
1515441653,0.0,15139.99999731,0.0
1515441654,0.01,15140.0,0.0
1515441655,0.0,15140.0,0.0
1515441656,0.0,15140.0,0.0
1515441657,0.0,15140.0,0.0
1515441658,0.03,15140.0,0.0
1515441659,0.0,15140.0,0.0
1515441660,0.07606043,15139.99,-6.6e-07
1515441661,0.0,15139.99,0.0
1515441662,6.588e-05,15140.0,6.6e-07
1515441663,0.0,15140.0,0.0
1515441664,0.0,15140.0,0.0
1515441665,0.3327667,15140.0,0.0
1515441666,0.64864758,15140.0,0.0
1515441667,0.0,15140.0,0.0
1515441668,0.04,15140.0,-0.0
1515441669,0.0,15140.0,0.0
1515441670,0.59057329,15140.0,0.0
1515441671,0.0,15140.0,0.0
1515441672,0.0,15140.0,0.0
1515441673,0.32942742,15140.0,-0.0
1515441674,0.01980314,15139.99838409,-1.1e-07
1515441675,0.03,15140.0,1.1e-07
1515441676,0.0,15140.0,0.0
1515441677,0.19765645,15140.0,0.0
1515441678,2.85353694,15139.99061007,-6.2e-07
1515441679,0.0,15139.99061007,0.0
1515441680,0.0,15139.99061007,0.0
1515441681,0.0,15139.99061007,0.0
1515441682,0.01658854,15140.0,6.2e-07
1515441683,3.02771064,15139.9912528,-5.8e-07
1515441684,0.0,15139.9912528,0.0
1515441685,0.02449921,15140.0,5.8e-07
1515441686,0.04,15140.0,0.0
1515441687,0.0,15140.0,0.0
1515441688,0.0,15140.0,0.0
1515441689,0.32942742,15140.0,-0.0
1515441690,0.2419,15140.0,0.0
1515441691,0.0,15140.0,0.0
1515441692,0.01,15140.0,0.0
1515441693,0.0,15140.0,0.0
1515441694,0.0,15140.0,0.0
1515441695,0.07481296,15139.99,-6.6e-07
1515441696,0.0,15139.99,0.0
1515441697,0.13069577,15139.99,0.0
1515441698,0.0,15139.99,0.0
1515441699,0.0,15139.99,0.0
1515441700,0.47359927,15139.99053109,4e-08
1515441701,0.03,15139.8,-1.258e-05
1515441702,0.22813466,15136.66505171,-0.00020707
1515441703,0.21422672,15136.01,-4.328e-05
1515441704,0.08865474,15136.01,0.0
1515441705,0.0,15136.01,0.0
1515441706,6.67935556,15136.01,0.0
1515441707,0.0,15136.01,0.0
1515441708,0.0,15136.01,0.0
1515441709,0.0,15136.01,0.0
1515441710,0.09268255,15136.01,0.0
1515441711,0.0,15136.01,0.0
1515441712,0.09707258,15136.01,0.0
1515441713,0.0,15136.01,0.0
1515441714,0.08709611,15136.01,0.0
1515441715,0.68468232,15136.01,-0.0
1515441716,0.36901562,15136.0,-6.6e-07
1515441717,0.40106809,15136.01,6.6e-07
1515441718,0.0,15136.01,0.0
1515441719,0.0,15136.01,0.0
1515441720,0.02,15136.01,0.0
1515441721,6.59e-05,15136.01,-0.0
1515441722,0.0,15136.01,0.0
1515441723,0.08842755,15136.01,0.0
1515441724,2.75117892,15136.00025189,-6.4e-07
1515441725,0.48836588,15136.01,6.4e-07
1515441726,0.03664717,15136.01,0.0
1515441727,0.0896249,15136.01,0.0
1515441728,0.34636534,15136.01,0.0
1515441729,0.78784132,15139.390547,0.00022334
1515441730,1.9463141,15136.20282284,-0.00021056
1515441731,0.28840917,15136.21,4.7e-07
1515441732,0.42425119,15136.21,-0.0
1515441733,0.00288377,15136.21,0.0
1515441734,0.01028836,15136.21,0.0
1515441735,0.02653217,15136.21,-0.0
1515441736,0.0,15136.21,0.0
1515441737,0.03039597,15136.21,0.0
1515441738,0.0,15136.21,0.0
1515441739,0.0,15136.21,0.0
1515441740,0.04949374,15136.21,0.0
1515441741,0.0,15136.21,0.0
1515441742,0.35415041,15136.21,0.0
1515441743,0.0,15136.21,0.0
1515441744,0.00128233,15136.21,0.0
1515441745,0.65724535,15136.21,-0.0
1515441746,0.0,15136.21,0.0
1515441747,0.00492414,15136.2,-6.6e-07
1515441748,0.00128233,15136.21,6.6e-07
1515441749,0.000661,15136.2,-6.6e-07
1515441750,0.0,15136.2,0.0
1515441751,0.8712,15136.21,6.6e-07
1515441752,0.0593,15136.21,0.0
1515441753,0.13308629,15136.21,0.0
1515441754,0.00489915,15136.21,-0.0
1515441755,0.54380605,15136.21,0.0
1515441756,0.0,15136.21,0.0
1515441757,1.45659855,15136.21,-0.0
1515441758,0.0,15136.21,0.0
1515441759,0.66469562,15137.0,5.219e-05
1515441760,0.0,15137.0,0.0
1515441761,0.0,15137.0,0.0
1515441762,0.0,15137.0,0.0
1515441763,0.0,15137.0,0.0
1515441764,0.06,15137.0,0.0
1515441765,0.00658985,15137.0,0.0
1515441766,0.1693615,15137.0,0.0
1515441767,0.32860553,15137.0,0.0
1515441768,0.02565374,15137.0,0.0
1515441769,0.0,15137.0,0.0
1515441770,0.0,15137.0,0.0
1515441771,0.02086504,15137.0,-0.0
1515441772,0.28235113,15137.0,0.0
1515441773,0.0,15137.0,0.0
1515441774,0.97822634,15137.0,0.0
1515441775,0.0,15137.0,0.0
1515441776,0.94065496,15137.04420835,2.92e-06
1515441777,0.14335431,15139.99302428,0.00019481
1515441778,0.0,15139.99302428,0.0
1515441779,0.0,15139.99302428,0.0
1515441780,3.82075722,15140.0,4.6e-07
1515441781,0.0,15140.0,0.0
1515441782,0.00785109,15140.0,0.0
1515441783,0.0,15140.0,0.0
1515441784,0.0,15140.0,0.0
1515441785,0.0,15140.0,0.0
1515441786,0.13138449,15140.0,0.0
1515441787,0.0,15140.0,0.0
1515441788,0.0,15140.0,0.0
1515441789,0.0,15140.0,0.0
1515441790,0.38638395,15140.0,0.0
1515441791,0.17850802,15140.0,0.0
1515441792,0.0,15140.0,0.0
1515441793,0.0,15140.0,0.0
1515441794,0.0,15140.0,0.0
1515441795,1.37327713,15140.0,-0.0
1515441796,0.0,15140.0,0.0
1515441797,0.0,15140.0,0.0
1515441798,0.29013924,15140.0,0.0
1515441799,2.63541937,15140.0,0.0
1515441800,1.4764,15139.99,-6.6e-07
1515441801,0.0,15139.99,0.0
1515441802,0.0,15139.99,0.0
1515441803,4.37023469,15140.0,6.6e-07
1515441804,3.23908236,15140.0,-0.0
1515441805,4.26785661,15140.0,0.0
1515441806,0.07443939,15140.0,0.0
1515441807,0.03,15140.0,0.0
1515441808,2.13012514,15140.0,0.0
1515441809,2.87200627,15140.0,-0.0
1515441810,0.72396118,15142.51558294,0.00016615
1515441811,0.18182969,15145.0,0.00016407
1515441812,0.0,15145.0,0.0
1515441813,0.0,15145.0,0.0
1515441814,0.8352698,15147.99539011,0.00019778
1515441815,0.2411959,15148.0,3e-07
1515441816,0.0,15148.0,0.0
1515441817,0.29669353,15148.06917649,4.57e-06
1515441818,0.02632063,15148.27,1.326e-05
1515441819,0.06494803,15148.27,0.0
1515441820,0.00059264,15148.27,0.0
1515441821,0.0,15148.27,0.0
1515441822,0.0,15148.27,0.0
1515441823,0.0,15148.27,0.0
1515441824,0.0,15148.27,0.0
1515441825,0.1203,15148.26,-6.6e-07
1515441826,0.0,15148.26,0.0
1515441827,0.02084826,15148.27,6.6e-07
1515441828,0.01774325,15148.27,-0.0
1515441829,0.00066,15148.26,-6.6e-07
1515441830,0.00098774,15148.27,6.6e-07
1515441831,0.0,15148.27,0.0
1515441832,0.0,15148.27,0.0
1515441833,0.0,15148.27,0.0
1515441834,0.0,15148.27,0.0
1515441835,0.01,15148.27,-0.0
1515441836,0.0,15148.27,0.0
1515441837,0.0,15148.27,0.0
1515441838,0.0,15148.27,0.0
1515441839,0.03,15148.27,0.0
1515441840,0.0,15148.27,0.0
1515441841,0.0,15148.27,0.0
1515441842,0.49842083,15148.26,-6.6e-07
1515441843,0.3297,15148.27,6.6e-07
1515441844,0.65,15148.26,-6.6e-07
1515441845,0.0,15148.26,0.0
1515441846,0.0,15148.26,0.0
1515441847,0.0,15148.26,0.0
1515441848,0.0,15148.26,0.0
1515441849,0.0,15148.26,0.0
1515441850,0.01,15148.26,0.0
1515441851,0.0,15148.26,0.0
1515441852,0.02,15148.27,6.6e-07
1515441853,0.03307505,15148.27,0.0
1515441854,0.0,15148.27,0.0
1515441855,0.13169903,15148.27,0.0
1515441856,0.03330963,15148.2690064,-7e-08
1515441857,0.0,15148.2690064,0.0
1515441858,0.0,15148.2690064,0.0
1515441859,0.0,15148.2690064,0.0
1515441860,0.357318,15148.26,-5.9e-07
1515441861,0.0,15148.26,0.0
1515441862,0.0,15148.26,0.0
1515441863,0.0,15148.26,0.0
1515441864,2.93172565,15148.26673972,4.4e-07
1515441865,0.0,15148.26673972,0.0
1515441866,0.65849514,15148.27,2.2e-07
1515441867,0.0,15148.27,0.0
1515441868,0.06,15148.27,-0.0
1515441869,0.0,15148.27,0.0
1515441870,0.0,15148.27,0.0
1515441871,0.0,15148.27,0.0
1515441872,0.02658495,15148.27,0.0
1515441873,0.0,15148.27,0.0
1515441874,2.36517974,15148.26,-6.6e-07
1515441875,0.1,15148.26,0.0
1515441876,0.0,15148.26,0.0
1515441877,0.0,15148.26,0.0
1515441878,0.00675105,15148.27,6.6e-07
1515441879,0.0593,15148.27,-0.0
1515441880,0.01224572,15148.27,0.0
1515441881,0.0,15148.27,0.0
1515441882,0.0,15148.27,0.0
1515441883,1.0999,15148.27,0.0
1515441884,0.04,15148.27,-0.0
1515441885,1.26229365,15148.26,-6.6e-07
1515441886,0.0,15148.26,0.0
1515441887,0.0,15148.26,0.0
1515441888,0.0,15148.26,0.0
1515441889,0.0,15148.26,0.0
1515441890,0.0,15148.26,0.0
1515441891,0.0,15148.26,0.0
1515441892,0.01646237,15148.27,6.6e-07
1515441893,0.0,15148.27,0.0
1515441894,0.06,15148.27,0.0
1515441895,0.0,15148.27,0.0
1515441896,0.0001503,15148.27,0.0
1515441897,0.0,15148.27,0.0
1515441898,0.0,15148.27,0.0
1515441899,0.0,15148.27,0.0
1515441900,0.03180531,15148.27,0.0
1515441901,0.0,15148.27,0.0
1515441902,0.0,15148.27,0.0
1515441903,0.0,15148.27,0.0
1515441904,0.0,15148.27,0.0
1515441905,0.0,15148.27,0.0
1515441906,0.0,15148.27,0.0
1515441907,2.5353471,15148.26777763,-1.5e-07
1515441908,2.06110669,15148.26032971,-4.9e-07
1515441909,3.28439073,15145.98428625,-0.00015025
1515441910,0.38119356,15137.17,-0.00058196
1515441911,0.0,15137.17,0.0
1515441912,0.761645,15137.17,0.0
1515441913,0.29669353,15137.17,0.0
1515441914,2.57442633,15137.17,-0.0
1515441915,1.01378412,15137.17,0.0
1515441916,0.0,15137.17,0.0
1515441917,0.52273447,15137.1703826,3e-08
1515441918,0.04,15137.18,6.4e-07
1515441919,0.0,15137.18,0.0
1515441920,0.00125205,15137.18,0.0
1515441921,0.0,15137.18,0.0
1515441922,0.0,15137.18,0.0
1515441923,0.0,15137.18,0.0
1515441924,0.85816005,15137.12569382,-3.59e-06
1515441925,0.0,15137.12569382,0.0
1515441926,3.2152,15135.39733673,-0.00011418
1515441927,0.56753163,15129.99,-0.00035726
1515441928,0.44071669,15129.99,-0.0
1515441929,0.000661,15129.99,0.0
1515441930,0.0,15129.99,0.0
1515441931,0.0,15129.99,0.0
1515441932,0.0,15129.99,0.0
1515441933,0.02116226,15129.99,0.0
1515441934,0.02,15130.0,6.6e-07
1515441935,0.0,15130.0,0.0
1515441936,0.0,15130.0,0.0
1515441937,0.01,15130.0,0.0
1515441938,0.0,15130.0,0.0
1515441939,0.0,15130.0,0.0
1515441940,0.01,15130.0,0.0
1515441941,0.24404158,15130.0,0.0
1515441942,0.0,15130.0,0.0
1515441943,0.0,15130.0,0.0
1515441944,0.01,15130.0,0.0
1515441945,0.3595,15130.0,0.0
1515441946,0.0,15130.0,0.0
1515441947,2.30373,15128.83565636,-7.696e-05
1515441948,0.0,15128.83565636,0.0
1515441949,0.55219643,15124.47622258,-0.00028815
1515441950,0.0,15124.47622258,0.0
1515441951,0.0,15124.47622258,0.0
1515441952,0.01,15121.0,-0.00022984
1515441953,0.01,15121.0,0.0
1515441954,0.06,15121.0,-0.0
1515441955,0.40037552,15120.04312951,-6.328e-05
1515441956,0.06260577,15120.0,-2.85e-06
1515441957,0.0,15120.0,0.0
1515441958,0.0,15120.0,0.0
1515441959,0.40422092,15120.00024739,2e-08
1515441960,0.0,15120.00024739,0.0
1515441961,0.0,15120.00024739,0.0
1515441962,1.5864,15118.8224577,-7.79e-05
1515441963,0.04,15118.56,-1.736e-05
1515441964,0.0,15118.56,0.0
1515441965,0.02,15118.56,0.0
1515441966,0.023839,15118.55,-6.6e-07
1515441967,0.0,15118.55,0.0
1515441968,0.39355992,15118.49235735,-3.81e-06
1515441969,0.39355992,15118.49,-1.6e-07
1515441970,0.10751439,15118.5,6.6e-07
1515441971,0.0,15118.5,0.0
1515441972,0.0,15118.5,0.0
1515441973,0.0,15118.5,0.0
1515441974,0.0,15118.5,0.0
1515441975,0.0,15118.5,0.0
1515441976,0.0,15118.5,0.0
1515441977,0.0,15118.5,0.0
1515441978,0.39373776,15118.49,-6.6e-07
1515441979,0.0141,15118.5,6.6e-07
1515441980,0.0,15118.5,0.0
1515441981,0.0,15118.5,0.0
1515441982,0.1272202,15118.49,-6.6e-07
1515441983,0.0,15118.49,0.0
1515441984,0.39379704,15118.49,0.0
1515441985,0.0,15118.49,0.0
1515441986,0.0,15118.49,0.0
1515441987,0.0,15118.49,0.0
1515441988,0.0,15118.49,0.0
1515441989,0.0,15118.49,0.0
1515441990,0.0,15118.49,0.0
1515441991,0.0,15118.49,0.0
1515441992,0.3939156,15118.49,0.0
1515441993,1.7849521,15110.7276164,-0.00051344
1515441994,0.03181474,15105.53,-0.00034397
1515441995,0.4431,15105.53,0.0
1515441996,0.0,15105.53,0.0
1515441997,0.0,15105.53,0.0
1515441998,0.73473264,15103.44434331,-0.00013807
1515441999,1.08863522,15100.85210354,-0.00017163
1515442000,0.00902267,15100.01,-5.577e-05
1515442001,0.0,15100.01,0.0
1515442002,0.00164842,15100.01,0.0
1515442003,0.01,15100.01,0.0
1515442004,0.57513602,15100.01,0.0
1515442005,0.13682945,15100.0,-6.6e-07
1515442006,0.0,15100.0,0.0
1515442007,0.02,15100.01,6.6e-07
1515442008,0.0,15100.01,0.0
1515442009,0.0,15100.01,0.0
1515442010,1.0,15100.0,-6.6e-07
1515442011,0.0,15100.0,0.0
1515442012,0.44162156,15100.00022644,1e-08
1515442013,0.0,15100.00022644,0.0
1515442014,0.0,15100.00022644,0.0
1515442015,0.0,15100.00022644,0.0
1515442016,0.12,15100.01,6.5e-07
1515442017,0.00015085,15100.01,0.0
1515442018,0.16952229,15100.01,0.0
1515442019,0.0,15100.01,0.0
1515442020,1.22894253,15100.00890231,-7e-08
1515442021,0.0,15100.00890231,0.0
1515442022,0.0759598,15100.01,7e-08
1515442023,1.41355763,15099.80401171,-1.364e-05
1515442024,0.0,15099.80401171,0.0
1515442025,0.0,15099.80401171,0.0
1515442026,0.0,15099.80401171,0.0
1515442027,0.0,15099.80401171,0.0
1515442028,0.32449648,15098.79311938,-6.695e-05
1515442029,0.02772998,15095.02,-0.0002499
1515442030,0.07697579,15095.02,-0.0
1515442031,6.43,15056.98086704,-0.00251998
1515442032,0.32931091,15060.32122983,0.00022185
1515442033,0.4708825,15059.90503251,-2.764e-05
1515442034,0.24190655,15053.71342693,-0.00041113
1515442035,0.54250449,15055.01,8.613e-05
1515442036,0.51885847,15055.01,0.0
1515442037,0.2655688,15055.01,-0.0
1515442038,0.17342819,15055.01,-0.0
1515442039,0.20034569,15055.01,0.0
1515442040,0.22890965,15055.01,0.0
1515442041,0.15763421,15055.01,-0.0
1515442042,0.21420344,15054.87681355,-8.85e-06
1515442043,0.31660212,15054.02,-5.691e-05
1515442044,0.15786275,15054.02,0.0
1515442045,0.23998031,15054.02,0.0
1515442046,0.36264525,15054.02,0.0
1515442047,0.56699938,15054.02,0.0
1515442048,0.0970703,15054.02,-0.0
1515442049,0.01600602,15054.02,0.0
1515442050,0.17878976,15054.02,0.0
1515442051,0.12314834,15054.02,-0.0
1515442052,0.0,15054.02,0.0
1515442053,1.13603562,15054.02,0.0
1515442054,0.028,15054.02,0.0
1515442055,0.0,15054.02,0.0
1515442056,0.02001829,15054.02,0.0
1515442057,0.11151582,15054.02,-0.0
1515442058,0.63497674,15054.02,0.0
1515442059,0.0,15054.02,0.0
1515442060,0.02000893,15054.02,0.0
1515442061,0.0,15054.02,0.0
1515442062,0.25056946,15054.02,-0.0
1515442063,0.14594594,15054.02,0.0
1515442064,0.43757801,15052.43460791,-0.00010531
1515442065,0.0,15052.43460791,0.0
1515442066,1.20496279,15052.6755382,1.601e-05
1515442067,0.36766996,15051.57660506,-7.301e-05
1515442068,0.03201415,15050.01,-0.00010408
1515442069,0.05196717,15050.01,0.0
1515442070,0.15322003,15050.01,-0.0
1515442071,0.0,15050.01,0.0
1515442072,0.12581358,15050.01,0.0
1515442073,0.06724759,15050.01,0.0
1515442074,0.06384285,15050.00952265,-3e-08
1515442075,0.0,15050.00952265,0.0
1515442076,0.09670784,15050.00793192,-1.1e-07
1515442077,0.18678511,15050.01,1.4e-07
1515442078,0.02842338,15050.01,-0.0
1515442079,0.51654786,15050.01,0.0
1515442080,0.07918054,15050.0,-6.6e-07
1515442081,0.0,15050.0,0.0
1515442082,0.0,15050.0,0.0
1515442083,0.0,15050.0,0.0
1515442084,0.0,15050.0,0.0
1515442085,0.25,15050.01,6.6e-07
1515442086,0.0,15050.01,0.0
1515442087,0.00248813,15050.01,-0.0
1515442088,0.0,15050.01,0.0
1515442089,0.0,15050.01,0.0
1515442090,0.4341461,15050.00060608,-6.2e-07
1515442091,1.47774,15050.0,-4e-08
1515442092,0.0,15050.0,0.0
1515442093,0.0,15050.0,0.0
1515442094,0.0,15050.0,0.0
1515442095,0.0,15050.0,0.0
1515442096,0.0,15050.0,0.0
1515442097,0.0,15050.0,0.0
1515442098,0.0,15050.0,0.0
1515442099,0.0,15050.0,0.0
1515442100,0.0,15050.0,0.0
1515442101,0.0,15050.0,0.0
1515442102,0.0,15050.0,0.0
1515442103,0.0,15050.0,0.0
1515442104,0.0,15050.0,0.0
1515442105,0.70981861,15048.94616497,-7.002e-05
1515442106,0.0,15048.94616497,0.0
1515442107,0.0,15048.94616497,0.0
1515442108,0.135,15046.54247613,-0.00015972
1515442109,0.0,15046.54247613,0.0
1515442110,0.00333853,15045.01,-0.00010185
1515442111,0.0,15045.01,0.0
1515442112,0.31322336,15045.00953759,-3e-08
1515442113,0.02987226,15045.01,3e-08
1515442114,0.11976772,15045.01,0.0
1515442115,0.0,15045.01,0.0
1515442116,0.0,15045.01,0.0
1515442117,0.0,15045.01,0.0
1515442118,0.0,15045.01,0.0
1515442119,0.0,15045.01,0.0
1515442120,0.0,15045.01,0.0
1515442121,0.0,15045.01,0.0
1515442122,0.0,15045.01,0.0
1515442123,0.0,15045.01,0.0
1515442124,1.64347626,15040.36247863,-0.00030891
1515442125,0.0,15040.36247863,0.0
1515442126,0.0,15040.36247863,0.0
1515442127,0.0,15040.36247863,0.0
1515442128,0.0,15040.36247863,0.0
1515442129,0.01,15040.01,-2.344e-05
1515442130,0.0,15040.01,0.0
1515442131,0.53809247,15033.79029615,-0.00041354
1515442132,0.04534673,15039.91,0.00040706
1515442133,0.49865327,15039.77179736,-9.19e-06
1515442134,1.03248074,15030.03538623,-0.00064738
1515442135,0.79780274,15030.04426533,5.9e-07
1515442136,0.0,15030.04426533,0.0
1515442137,0.0,15030.04426533,0.0
1515442138,0.0,15030.04426533,0.0
1515442139,0.13605397,15030.0099512,-2.28e-06
1515442140,0.48759052,15030.0,-6.6e-07
1515442141,0.00208219,15030.0,-0.0
1515442142,0.0,15030.0,0.0
1515442143,0.06636768,15030.0,0.0
1515442144,0.0,15030.0,0.0
1515442145,0.0,15030.0,0.0
1515442146,0.0,15030.0,0.0
1515442147,8.428e-05,15030.0,0.0
1515442148,0.43418384,15029.99076428,-6.1e-07
1515442149,0.11651905,15030.0,6.1e-07
1515442150,0.01526987,15030.0,0.0
1515442151,0.0,15030.0,0.0
1515442152,0.0,15030.0,0.0
1515442153,3.9583,15030.0,0.0
1515442154,0.03000376,15030.0,-0.0
1515442155,0.0,15030.0,0.0
1515442156,0.0,15030.0,0.0
1515442157,0.0,15030.0,0.0
1515442158,0.0,15030.0,0.0
1515442159,51.03116756,15012.74428647,-0.00114808
1515442160,0.01,15028.37,0.00104083
1515442161,0.00661826,15018.81284342,-0.00063594
1515442162,0.0,15018.81284342,0.0
1515442163,4.0,15001.72944091,-0.00113747
1515442164,0.0,15001.72944091,0.0
1515442165,0.0475752,15001.71,-1.3e-06
1515442166,0.01,15001.71,0.0
1515442167,0.02,15001.71,0.0
1515442168,0.00243824,15001.71,0.0
1515442169,0.15854899,15001.71,-0.0
1515442170,0.0,15001.71,0.0
1515442171,0.01243824,15001.71,0.0
1515442172,0.03324641,15001.71,0.0
1515442173,0.00664928,15001.71,0.0
1515442174,0.20374035,15001.71,-0.0
1515442175,1.25673521,15001.71,0.0
1515442176,1.30144928,15001.71,-0.0
1515442177,0.0159993,15001.71,0.0
1515442178,0.0,15001.71,0.0
1515442179,0.03989202,15001.71,-0.0
1515442180,0.0,15001.71,0.0
1515442181,0.0,15001.71,0.0
1515442182,0.03342956,15001.71,0.0
1515442183,1.31483142,15001.7,-6.7e-07
1515442184,0.0,15001.7,0.0
1515442185,0.0,15001.7,0.0
1515442186,0.77772876,15001.71,6.7e-07
1515442187,0.0,15001.71,0.0
1515442188,0.0,15001.71,0.0
1515442189,0.0,15001.71,0.0
1515442190,0.29169538,15001.71,0.0
1515442191,0.0,15001.71,0.0
1515442192,0.0,15001.71,0.0
1515442193,3.86396218,15001.70659923,-2.3e-07
1515442194,0.07769934,15001.71,2.3e-07
1515442195,0.00331697,15001.71,0.0
1515442196,0.26543422,15001.71,0.0
1515442197,0.15007761,15001.71,0.0
1515442198,0.53131351,15001.71,0.0
1515442199,0.46796889,15001.71,-0.0
1515442200,0.00758444,15001.7,-6.7e-07
1515442201,1.16773699,15001.71,6.7e-07
1515442202,1.28162046,15001.7,-6.7e-07
1515442203,0.25,15001.71,6.7e-07
1515442204,0.0,15001.71,0.0
1515442205,0.0,15001.71,0.0
1515442206,1.16999289,15001.24854524,-3.076e-05
1515442207,0.0,15001.24854524,0.0
1515442208,0.3454652,15001.00539784,-1.621e-05
1515442209,0.0,15001.00539784,0.0
1515442210,0.0,15001.00539784,0.0
1515442211,0.0,15001.00539784,0.0
1515442212,1.72741705,15001.00951363,2.7e-07
1515442213,1.52652326,15001.00006551,-6.3e-07
1515442214,0.05741084,15000.0,-6.667e-05
1515442215,0.03325018,15000.01,6.7e-07
1515442216,0.0,15000.01,0.0
1515442217,0.6718,15000.0,-6.7e-07
1515442218,0.24351167,15000.00410658,2.7e-07
1515442219,1.01945506,15000.00009809,-2.7e-07
1515442220,8.0396585,15000.00007238,-0.0
1515442221,0.32,15000.0,-0.0
1515442222,0.07159883,15000.00860333,5.7e-07
1515442223,3.00083624,15000.00166899,-4.6e-07
1515442224,0.0,15000.00166899,0.0
1515442225,0.0,15000.00166899,0.0
1515442226,2.75695039,14994.61383855,-0.00035919
1515442227,0.07774067,14990.0,-0.0003077
1515442228,4.16473332,14989.99890745,-7e-08
1515442229,8.97448991,14957.74641365,-0.0021516
1515442230,0.98559033,14940.94958361,-0.00112295
1515442231,0.14083092,14950.33,0.00062783
1515442232,2.15743408,14943.04493623,-0.00048728
1515442233,2.0680249,14942.97981648,-4.36e-06
1515442234,0.20167049,14930.5,-0.00083516
1515442235,0.00068453,14939.83,0.0006249
1515442236,0.0,14939.83,0.0
1515442237,0.44694759,14939.83,0.0
1515442238,0.75207554,14932.48264237,-0.0004918
1515442239,1.39540599,14929.13752158,-0.00022402
1515442240,0.69295293,14924.44606761,-0.00031425
1515442241,0.17456532,14927.60544796,0.00021169
1515442242,0.01058881,14927.7,6.33e-06
1515442243,0.10038668,14927.7,0.0
1515442244,0.09604271,14927.69291537,-4.7e-07
1515442245,0.0,14927.69291537,0.0
1515442246,0.17877052,14927.69961498,4.5e-07
1515442247,0.028,14927.7,3e-08
1515442248,0.01807536,14927.7,0.0
1515442249,0.0,14927.7,0.0
1515442250,5.47468673,14924.93443325,-0.00018526
1515442251,0.71004861,14919.43898218,-0.00036821
1515442252,0.25978097,14918.79,-4.35e-05
1515442253,7.26039781,14918.79,-0.0
1515442254,0.20393043,14918.79,0.0
1515442255,0.01771586,14918.79,0.0
1515442256,0.028,14918.79,0.0
1515442257,1.0,14916.15095159,-0.00017689
1515442258,0.0431212,14915.99,-1.079e-05
1515442259,1.51683553,14915.18112214,-5.423e-05
1515442260,0.00671487,14913.69,-9.997e-05
1515442261,0.02666688,14913.69,0.0
1515442262,0.53578845,14913.69,-0.0
1515442263,0.73325208,14912.21410218,-9.896e-05
1515442264,1.62367646,14913.67106049,9.77e-05
1515442265,0.0,14913.67106049,0.0
1515442266,0.07446379,14913.5,-1.147e-05
1515442267,0.1038,14913.51,6.7e-07
1515442268,0.0,14913.51,0.0
1515442269,0.11484748,14913.51,0.0
1515442270,0.96461548,14913.51,0.0
1515442271,1.0781001,14909.87398666,-0.00024381
1515442272,0.9072,14906.0,-0.00025983
1515442273,5.05272875,14900.86854079,-0.00034425
1515442274,0.0,14900.86854079,0.0
1515442275,0.0,14900.86854079,0.0
1515442276,0.0,14900.86854079,0.0
1515442277,10.2,14893.42182198,-0.00049975
1515442278,0.0,14893.42182198,0.0
1515442279,0.028,14875.39,-0.00121072
1515442280,0.0,14875.39,0.0
1515442281,0.21961766,14875.39,0.0
1515442282,8.11922666,14861.00341303,-0.00096714
1515442283,0.53423255,14850.01137705,-0.00073966
1515442284,0.25053644,14850.0,-7.7e-07
1515442285,0.028,14850.01,6.7e-07
1515442286,0.0,14850.01,0.0
1515442287,1.22428385,14850.00183196,-5.5e-07
1515442288,0.02,14850.01,5.5e-07
1515442289,0.40542213,14849.75369485,-1.726e-05
1515442290,2.18564126,14846.79593986,-0.00019918
1515442291,0.0,14846.79593986,0.0
1515442292,0.08428819,14834.20780029,-0.00084787
1515442293,1.29296792,14844.62707938,0.00070238
1515442294,1.60704588,14834.7220507,-0.00066725
1515442295,0.02387416,14835.38,4.435e-05
1515442296,0.0002,14835.43,3.37e-06
1515442297,0.2758817,14835.43267007,1.8e-07
1515442298,0.34266874,14835.44,4.9e-07
1515442299,1.15422363,14835.44,0.0
1515442300,0.00403428,14835.44,0.0
1515442301,0.02017141,14835.44,0.0
1515442302,0.00715826,14835.44,0.0
1515442303,0.0,14835.44,0.0
1515442304,0.0,14835.44,0.0
1515442305,0.1006,14835.44,0.0
1515442306,0.01964,14835.44,0.0
1515442307,0.06613031,14835.44,0.0
1515442308,0.0,14835.44,0.0
1515442309,0.0,14835.44,0.0
1515442310,0.19092897,14835.44,0.0
1515442311,1.64518471,14835.44,0.0
1515442312,0.0221377,14835.44,-0.0
1515442313,0.13373806,14835.43,-6.7e-07
1515442314,0.0067238,14835.44,6.7e-07
1515442315,0.00809509,14835.44,0.0
1515442316,0.0,14835.44,0.0
1515442317,0.0972449,14835.44,-0.0
1515442318,0.07517575,14835.43178882,-5.5e-07
1515442319,5.51307863,14835.43904032,4.9e-07
1515442320,0.0262619,14835.44,6e-08
1515442321,0.00107849,14835.44,0.0
1515442322,0.34721988,14835.43046501,-6.4e-07
1515442323,0.30136099,14835.44,6.4e-07
1515442324,15.80563503,14812.4886699,-0.00154706
1515442325,0.0,14812.4886699,0.0
1515442326,0.03928332,14817.16725057,0.00031585
1515442327,0.028,14814.4,-0.00018676
1515442328,0.0064,14814.34,-4.05e-06
1515442329,0.01006733,14814.28006688,-4.05e-06
1515442330,0.0134667,14814.41,8.77e-06
1515442331,0.76910062,14814.28033944,-8.75e-06
1515442332,0.0049,14814.29,6.5e-07
1515442333,1.24928323,14809.23840722,-0.00034099
1515442334,0.0,14809.23840722,0.0
1515442335,0.0,14809.23840722,0.0
1515442336,0.29288959,14809.93,4.67e-05
1515442337,10.0,14801.102014,-0.00059609
1515442338,0.0,14801.102014,0.0
1515442339,1.5335,14809.93,0.00059644
1515442340,0.0,14809.93,0.0
1515442341,10.08480124,14796.60707239,-0.00089959
1515442342,0.1270935,14809.84,0.00089432
1515442343,0.47638465,14792.28892108,-0.0011851
1515442344,0.0,14792.28892108,0.0
1515442345,0.03098699,14800.02,0.00052264
1515442346,0.11759297,14800.01914961,-6e-08
1515442347,0.81324388,14800.02,6e-08
1515442348,4.0908373,14792.53397717,-0.00050581
1515442349,0.08573731,14791.99,-3.677e-05
1515442350,0.08727897,14777.36237182,-0.00098889
1515442351,0.03,14795.99,0.00126055
1515442352,0.19080037,14796.0,6.8e-07
1515442353,0.17086849,14798.61483044,0.00017673
1515442354,0.19449638,14795.9,-0.00018345
1515442355,1.13717811,14798.32953617,0.0001642
1515442356,0.0471921,14796.0,-0.00015742
1515442357,4.83034918,14796.0,-0.0
1515442358,0.04977225,14796.0,0.0
1515442359,0.0,14796.0,0.0
1515442360,0.13041183,14795.99,-6.8e-07
1515442361,0.50496792,14795.99821771,5.6e-07
1515442362,0.01,14796.0,1.2e-07
1515442363,0.36355429,14795.99055012,-6.4e-07
1515442364,0.10057149,14796.0,6.4e-07
1515442365,1.74177415,14796.0,0.0
1515442366,0.0,14796.0,0.0
1515442367,0.03928586,14796.0,-0.0
1515442368,0.84497105,14795.99683184,-2.1e-07
1515442369,0.02022518,14796.0,2.1e-07
1515442370,0.0,14796.0,0.0
1515442371,0.20185451,14796.0,0.0
1515442372,0.01547538,14796.0,0.0
1515442373,0.06741729,14796.0,0.0
1515442374,0.00404493,14796.0,0.0
1515442375,0.03910254,14795.99488524,-3.5e-07
1515442376,0.02,14796.0,3.5e-07
1515442377,2.00059568,14795.99000298,-6.8e-07
1515442378,0.01,14796.0,6.8e-07
1515442379,0.03839616,14795.99974581,-2e-08
1515442380,7.51837224,14796.0,2e-08
1515442381,0.00365718,14796.0,0.0
1515442382,0.00137381,14796.0,0.0
1515442383,2.12839474,14795.99994632,-0.0
1515442384,0.0,14795.99994632,0.0
1515442385,0.12461992,14795.9919756,-5.4e-07
1515442386,8.64727313,14795.99,-1.3e-07
1515442387,0.10045223,14795.93,-4.06e-06
1515442388,0.01448355,14795.89,-2.7e-06
1515442389,0.00259838,14795.81,-5.41e-06
1515442390,0.0,14795.81,0.0
1515442391,1.44671417,14795.18,-4.258e-05
1515442392,0.20719165,14795.18,0.0
1515442393,0.00337105,14795.18,0.0
1515442394,0.0,14795.18,0.0
1515442395,0.33643092,14795.18,0.0
1515442396,0.07247625,14795.18,-0.0
1515442397,0.0,14795.18,0.0
1515442398,1.42,14795.06493081,-7.78e-06
1515442399,1.01,14791.21602381,-0.00026015
1515442400,0.943,14790.0,-8.221e-05
1515442401,0.87682819,14790.00885953,6e-07
1515442402,0.35043496,14789.99796253,-7.4e-07
1515442403,0.02268702,14781.88,-0.00054888
1515442404,0.196163,14781.86134192,-1.26e-06
1515442405,1.0329,14778.61284825,-0.00021976
1515442406,0.00039998,14778.59,-1.55e-06
1515442407,0.62635866,14774.95595195,-0.0002459
1515442408,0.001,14774.36,-4.034e-05
1515442409,0.01004038,14774.36,0.0
1515442410,0.01,14774.37,6.8e-07
1515442411,0.0,14774.37,0.0
1515442412,0.19793327,14774.36396387,-4.1e-07
1515442413,0.03328546,14774.37,4.1e-07
1515442414,0.05,14774.37,0.0
1515442415,0.63036588,14774.36021024,-6.6e-07
1515442416,1.66521793,14774.37,6.6e-07
1515442417,0.00068489,14774.37,-0.0
1515442418,0.20168458,14774.36008353,-6.7e-07
1515442419,0.0,14774.36008353,0.0
1515442420,0.01,14774.37,6.7e-07
1515442421,0.95883172,14774.36,-6.8e-07
1515442422,0.0,14774.36,0.0
1515442423,0.0,14774.36,0.0
1515442424,0.09995233,14774.36460743,3.1e-07
1515442425,0.0,14774.36460743,0.0
1515442426,0.13375799,14774.36252381,-1.4e-07
1515442427,0.06552,14774.37,5.1e-07
1515442428,0.0,14774.37,0.0
1515442429,0.0,14774.37,0.0
1515442430,2.26922185,14774.23173088,-9.36e-06
1515442431,2.33423291,14773.0,-8.337e-05
1515442432,0.0,14773.0,0.0
1515442433,0.01,14772.99,-6.8e-07
1515442434,0.36212296,14772.98871591,-9e-08
1515442435,0.0,14772.98871591,0.0
1515442436,0.1071083,14772.22,-5.204e-05
1515442437,0.0,14772.22,0.0
1515442438,0.93532348,14770.57223055,-0.00011155
1515442439,1.05250381,14766.21447516,-0.00029503
1515442440,0.0,14766.21447516,0.0
1515442441,0.00844415,14766.22,3.7e-07
1515442442,9.13663677,14763.6917183,-0.00017122
1515442443,0.0,14763.6917183,0.0
1515442444,0.19501051,14758.01,-0.00038484
1515442445,0.07674992,14758.01,0.0
1515442446,0.01381934,14758.00555349,-3e-07
1515442447,0.03298909,14758.01,3e-07
1515442448,0.00037167,14758.01,0.0
1515442449,0.03784045,14758.01,0.0
1515442450,0.06955157,14758.01,-0.0
1515442451,0.03358,14758.01,0.0
1515442452,0.021867,14758.01,-0.0
1515442453,0.0,14758.01,0.0
1515442454,0.0380764,14758.0,-6.8e-07
1515442455,0.00335697,14758.01,6.8e-07
1515442456,0.01,14758.01,0.0
1515442457,0.0,14758.01,0.0
1515442458,0.3224,14758.01,0.0
1515442459,0.02959464,14758.01,-0.0
1515442460,0.0,14758.01,0.0
1515442461,0.0,14758.01,0.0
1515442462,0.0,14758.01,0.0
1515442463,0.09864416,14758.0,-6.8e-07
1515442464,0.02027725,14758.01,6.8e-07
1515442465,0.23311456,14758.00100884,-6.1e-07
1515442466,2.03070492,14758.01,6.1e-07
1515442467,0.33781899,14758.01,0.0
1515442468,0.10003443,14758.01,0.0
1515442469,6.759e-05,14758.01,0.0
1515442470,1.72135788,14758.01,0.0
1515442471,0.07626882,14758.01,0.0
1515442472,6.759e-05,14758.01,-0.0
1515442473,0.11162828,14758.01,0.0
1515442474,10.0,14758.0,-6.8e-07
1515442475,1.01386254,14758.01,6.8e-07
1515442476,1.0,14758.0,-6.8e-07
1515442477,1.04613372,14758.01,6.8e-07
1515442478,0.01,14758.01,0.0
1515442479,0.0,14758.01,0.0
1515442480,0.59924601,14758.01,-0.0
1515442481,0.40486978,14758.01,0.0
1515442482,0.2487406,14758.01,0.0
1515442483,3.13035006,14758.01,0.0
1515442484,1.01731152,14758.01,0.0
1515442485,12.2031092,14760.51700857,0.00016987
1515442486,1.23179202,14771.70687482,0.00075809
1515442487,2.21711859,14772.90908314,8.139e-05
1515442488,3.23827009,14773.04140564,8.96e-06
1515442489,0.34500977,14774.36019569,8.927e-05
1515442490,1.00371249,14774.36079142,4e-08
1515442491,0.27756254,14774.37,6.2e-07
1515442492,0.0,14774.37,0.0
1515442493,0.0,14774.37,0.0
1515442494,0.0,14774.37,0.0
1515442495,0.1,14774.36,-6.8e-07
1515442496,0.03375799,14774.37,6.8e-07
1515442497,0.38620826,14774.37,0.0
1515442498,0.01719628,14774.37,0.0
1515442499,0.001356,14774.36,-6.8e-07
1515442500,0.4868228,14774.36972932,6.6e-07
1515442501,4.8518442,14774.37,2e-08
1515442502,1.62448924,14774.37,-0.0
1515442503,6.73270608,14777.86326342,0.00023644
1515442504,0.01136806,14794.91,0.00115353
1515442505,1.92055671,14794.91,-0.0
1515442506,3.09194973,14794.91,0.0
1515442507,1.7445509,14794.91,-0.0
1515442508,0.06562,14794.91,0.0
1515442509,0.18572876,14794.91,-0.0
1515442510,1.20079107,14794.91,0.0
1515442511,0.013534,14794.91,-0.0
1515442512,1.28578255,14795.63622185,4.909e-05
1515442513,0.43869999,14795.99177276,2.403e-05
1515442514,0.3698584,14799.1121055,0.00021089
1515442515,0.0,14799.1121055,0.0
1515442516,4.39039702,14799.99977223,5.998e-05
1515442517,0.37480555,14800.0,2e-08
1515442518,1.04760181,14800.0,0.0
1515442519,0.00091216,14800.0,-0.0
1515442520,3.04064487,14816.8233076,0.00113671
1515442521,6.71973296,14821.96,0.00034668
1515442522,6.84595852,14821.96,-0.0
1515442523,0.41985178,14828.69588501,0.00045445
1515442524,2.31061248,14831.00170011,0.0001555
1515442525,2.28038059,14835.49,0.00030263
1515442526,0.08068539,14835.49,0.0
1515442527,8.1668588,14835.49,0.0
1515442528,1.3621667,14835.49,0.0
1515442529,0.03361891,14835.49,0.0
1515442530,0.5485997,14849.34082163,0.00093363
1515442531,6.75069849,14850.22276121,5.939e-05
1515442532,1.80015028,14850.23771365,1.01e-06
1515442533,1.24744244,14850.23989052,1.5e-07
1515442534,0.02979673,14853.68619485,0.00023207
1515442535,0.07300815,14853.88,1.305e-05
1515442536,0.00671359,14858.00748619,0.00027787
1515442537,0.63610797,14861.44,0.00023102
1515442538,0.38471849,14863.58840628,0.00014456
1515442539,0.85659095,14869.19,0.00037687
1515442540,18.51267132,14869.01682932,-1.165e-05
1515442541,0.48158412,14857.6503295,-0.00076444
1515442542,0.13146645,14860.0,0.00015815
1515442543,0.0,14860.0,0.0
1515442544,0.34228796,14860.0,0.0
1515442545,0.39149943,14860.0,-0.0
1515442546,0.02,14860.0,0.0
1515442547,0.2574291,14860.0,0.0
1515442548,0.15879145,14860.0,0.0
1515442549,0.49727411,14860.0,-0.0
1515442550,1.8685,14860.0,0.0
1515442551,0.20800297,14860.0,-0.0
1515442552,14.0,14860.0,0.0
1515442553,0.10602912,14863.85443566,0.00025938
1515442554,0.00333007,14866.41,0.00017193
1515442555,0.65319943,14873.55334173,0.0004805
1515442556,0.16968544,14871.84951225,-0.00011455
1515442557,0.0,14871.84951225,0.0
1515442558,0.0,14871.84951225,0.0
1515442559,0.0,14871.84951225,0.0
1515442560,0.12289988,14869.64,-0.00014857
1515442561,0.04271295,14869.64,0.0
1515442562,0.30358292,14869.64,0.0
1515442563,0.0,14869.64,0.0
1515442564,0.0,14869.64,0.0
1515442565,0.0,14869.64,0.0
1515442566,0.3,14869.64,0.0
1515442567,0.00198164,14869.64,0.0
1515442568,0.0020125,14869.64,0.0
1515442569,0.04610064,14869.64,0.0
1515442570,0.0,14869.64,0.0
1515442571,0.68673403,14869.64,0.0
1515442572,2.49899094,14869.64,0.0
1515442573,0.75322728,14869.96588074,2.192e-05
1515442574,0.03280416,14870.0,2.29e-06
1515442575,0.31782416,14870.0,0.0
1515442576,0.74719752,14870.0,-0.0
1515442577,0.0,14870.0,0.0
1515442578,0.82085947,14870.0,0.0
1515442579,0.38638198,14870.0,0.0
1515442580,0.76915447,14870.0,-0.0
1515442581,0.04,14870.0,0.0
1515442582,0.3192802,14870.0,0.0
1515442583,3.0638426,14870.0,-0.0
1515442584,0.41980708,14870.0,0.0
1515442585,0.79319248,14870.0,0.0
1515442586,0.51795405,14870.0,-0.0
1515442587,0.0,14870.0,0.0
1515442588,2.71837318,14869.99977405,-2e-08
1515442589,0.11270195,14870.0,2e-08
1515442590,1.11070609,14870.0,0.0
1515442591,0.04011103,14869.99249308,-5e-07
1515442592,0.6054863,14870.0,5e-07
1515442593,0.11732863,14870.0,0.0
1515442594,0.06831521,14870.0,0.0
1515442595,0.13105354,14870.0,-0.0
1515442596,0.0,14870.0,0.0
1515442597,1.73298545,14870.0,-0.0
1515442598,0.33713264,14870.0,0.0
1515442599,0.13857318,14870.0,-0.0
1515442600,0.0,14870.0,0.0
1515442601,0.00163925,14870.0,0.0
1515442602,0.1254917,14870.0,0.0
1515442603,0.01,14870.0,-0.0
1515442604,0.62040186,14870.0,-0.0
1515442605,2.9900198,14872.51261716,0.00016897
1515442606,0.13445377,14875.0,0.00016725
1515442607,0.01,14875.0,0.0
1515442608,0.20917118,14875.0,0.0
1515442609,2.3264956,14879.93555676,0.0003318
1515442610,4.07642484,14883.71587988,0.00025406
1515442611,0.00332819,14883.77,3.64e-06
1515442612,0.50481856,14883.76990455,-1e-08
1515442613,0.0,14883.76990455,0.0
1515442614,0.06472296,14883.77,1e-08
1515442615,0.0,14883.77,0.0
1515442616,0.0,14883.77,0.0
1515442617,0.0,14883.77,0.0
1515442618,0.0,14883.77,0.0
1515442619,0.0,14883.77,0.0
1515442620,0.0,14883.77,0.0
1515442621,0.37103162,14883.77,0.0
1515442622,0.32278227,14883.77,0.0
1515442623,0.0,14883.77,0.0
1515442624,0.0,14883.77,0.0
1515442625,0.0,14883.77,0.0
1515442626,0.03,14883.77,-0.0
1515442627,0.0,14883.77,0.0
1515442628,0.36328375,14883.77,0.0
1515442629,0.0,14883.77,0.0
1515442630,0.000672,14883.76,-6.7e-07
1515442631,0.0,14883.76,0.0
1515442632,0.01340394,14883.77,6.7e-07
1515442633,0.0,14883.77,0.0
1515442634,5.64729329,14884.68373,6.139e-05
1515442635,0.04003185,14890.0,0.00035716
1515442636,0.26029918,14890.0,-0.0
1515442637,0.03349584,14890.0,0.0
1515442638,0.0,14890.0,0.0
1515442639,0.34660633,14897.93905922,0.00053318
1515442640,0.01284255,14916.92,0.00127406
1515442641,0.0,14916.92,0.0
1515442642,0.0,14916.92,0.0
1515442643,0.0,14916.92,0.0
1515442644,0.84251296,14916.97,3.35e-06
1515442645,0.0,14916.97,0.0
1515442646,0.07441209,14916.97,-0.0
1515442647,0.18995119,14916.97,0.0
1515442648,0.0,14916.97,0.0
1515442649,0.0,14916.97,0.0
1515442650,0.03517391,14916.97,0.0
1515442651,0.71506631,14916.97,-0.0
1515442652,0.0,14916.97,0.0
1515442653,0.33435283,14916.97,0.0
1515442654,0.02,14916.97,0.0
1515442655,0.13207056,14916.97,-0.0
1515442656,0.0,14916.97,0.0
1515442657,0.00334352,14916.97,0.0
1515442658,3.899,14916.97,0.0
1515442659,0.0,14916.97,0.0
1515442660,0.00601835,14916.97,0.0
1515442661,0.0,14916.97,0.0
1515442662,0.42068645,14916.96,-6.7e-07
1515442663,0.1,14916.96,-0.0
1515442664,0.2761489,14916.97,6.7e-07
1515442665,0.33728043,14916.96703511,-2e-07
1515442666,0.08558394,14916.96039692,-4.5e-07
1515442667,2.67671849,14915.02152591,-0.00012998
1515442668,0.0,14915.02152591,0.0
1515442669,0.03135638,14900.01,-0.00100647
1515442670,0.0851352,14900.0,-6.7e-07
1515442671,1.1,14900.0,0.0
1515442672,0.49997702,14900.00656812,4.4e-07
1515442673,1.4484772,14900.0,-4.4e-07
1515442674,0.0,14900.0,0.0
1515442675,4.16810942,14899.3792793,-4.166e-05
1515442676,0.26298177,14892.60685127,-0.00045454
1515442677,0.32959537,14887.28839768,-0.00035712
1515442678,1.17508171,14883.77,-0.00023634
1515442679,0.0,14883.77,0.0
1515442680,0.00067,14883.77,0.0
1515442681,0.0,14883.77,0.0
1515442682,0.01,14883.77,0.0
1515442683,0.0,14883.77,0.0
1515442684,0.21091186,14883.77150247,1e-07
1515442685,0.34724961,14883.77,-1e-07
1515442686,0.0,14883.77,0.0
1515442687,0.0,14883.77,0.0
1515442688,0.0,14883.77,0.0
1515442689,0.1,14883.77,0.0
1515442690,0.24440623,14883.77,0.0
1515442691,0.0,14883.77,0.0
1515442692,0.1,14883.77,0.0
1515442693,0.00323504,14883.78,6.7e-07
1515442694,0.08701968,14883.77770167,-1.5e-07
1515442695,1.0,14882.27053925,-0.00010126
1515442696,1.0158,14870.01,-0.00082384
1515442697,0.0,14870.01,0.0
1515442698,0.00301867,14870.01,0.0
1515442699,0.2411563,14870.0,-6.7e-07
1515442700,1.0,14865.30596317,-0.00031567
1515442701,0.0,14865.30596317,0.0
1515442702,0.0,14865.30596317,0.0
1515442703,0.13,14861.14230769,-0.00028009
1515442704,0.0,14861.14230769,0.0
1515442705,0.0,14861.14230769,0.0
1515442706,0.1,14860.19,-6.408e-05
1515442707,0.00120493,14862.91,0.00018304
1515442708,0.0,14862.91,0.0
1515442709,0.1,14860.0,-0.00019579
1515442710,0.0,14860.0,0.0
1515442711,0.1,14860.11853616,7.98e-06
1515442712,0.68794538,14859.99878741,-8.06e-06
1515442713,0.05668061,14859.9653002,-2.25e-06
1515442714,0.66,14859.00138761,-6.487e-05
1515442715,0.0,14859.00138761,0.0
1515442716,0.0,14859.00138761,0.0
1515442717,0.0,14859.00138761,0.0
1515442718,0.0,14859.00138761,0.0
1515442719,0.0,14859.00138761,0.0
1515442720,2.6895,14859.58,3.894e-05
1515442721,0.0,14859.58,0.0
1515442722,0.01,14859.58,-0.0
1515442723,0.0,14859.58,0.0
1515442724,0.09125117,14859.58,0.0
1515442725,0.03,14859.58,-0.0
1515442726,0.01,14859.58,0.0
1515442727,0.01478839,14859.58,0.0
1515442728,0.00336877,14859.58,0.0
1515442729,0.0,14859.58,0.0
1515442730,0.01,14859.58,0.0
1515442731,0.0,14859.58,0.0
1515442732,1.00336877,14858.47850979,-7.413e-05
1515442733,0.0,14858.47850979,0.0
1515442734,0.06,14855.0,-0.00023411
1515442735,0.0,14855.0,0.0
1515442736,0.0,14855.0,0.0
1515442737,3.08,14855.01,6.7e-07
1515442738,0.49301718,14855.0,-6.7e-07
1515442739,0.01971395,14855.0,0.0
1515442740,0.0,14855.0,0.0
1515442741,2.26521019,14839.3971192,-0.00105035
1515442742,0.0,14839.3971192,0.0
1515442743,0.0,14839.3971192,0.0
1515442744,0.0,14839.3971192,0.0
1515442745,0.52242271,14831.18065553,-0.00055369
1515442746,0.77530012,14824.02,-0.00048281
1515442747,0.06522,14824.02,0.0
1515442748,0.11335961,14824.02,0.0
1515442749,0.06070514,14824.01835269,-1.1e-07
1515442750,0.50105499,14824.02,1.1e-07
1515442751,0.0,14824.02,0.0
1515442752,0.07589479,14824.01,-6.7e-07
1515442753,0.65191386,14820.31,-0.0002496
1515442754,0.0,14820.31,0.0
1515442755,0.0,14820.31,0.0
1515442756,3.04332118,14820.31,0.0
1515442757,0.0,14820.31,0.0
1515442758,1.44213995,14819.8378402,-3.186e-05
1515442759,0.0,14819.8378402,0.0
1515442760,0.0,14819.8378402,0.0
1515442761,0.48551908,14817.0,-0.00019149
1515442762,0.26828465,14817.0,0.0
1515442763,0.0,14817.0,0.0
1515442764,0.0,14817.0,0.0
1515442765,0.0,14817.0,0.0
1515442766,0.11629789,14817.0,0.0
1515442767,0.0,14817.0,0.0
1515442768,0.0025,14817.0,0.0
1515442769,0.0,14817.0,0.0
1515442770,0.0,14817.0,0.0
1515442771,1.00982611,14817.0,0.0
1515442772,0.0,14817.0,0.0
1515442773,0.0,14817.0,0.0
1515442774,0.0,14817.0,0.0
1515442775,0.0,14817.0,0.0
1515442776,4.88000358,14817.0,0.0
1515442777,0.02888539,14817.0,-0.0
1515442778,1.00982611,14817.0,0.0
1515442779,0.0,14817.0,0.0
1515442780,0.13544164,14817.0,0.0
1515442781,0.13854678,14817.0,0.0
1515442782,0.0,14817.0,0.0
1515442783,0.0,14817.0,0.0
1515442784,0.20196522,14817.0,-0.0
1515442785,0.03,14817.0,0.0
1515442786,0.0,14817.0,0.0
1515442787,0.0,14817.0,0.0
1515442788,0.0,14817.0,0.0
1515442789,0.0,14817.0,0.0
1515442790,0.01346434,14817.0,0.0
1515442791,0.0,14817.0,0.0
1515442792,0.23562609,14817.0,0.0
1515442793,0.33905,14816.99,-6.7e-07
1515442794,2.54893,14816.9992019,6.2e-07
1515442795,0.0,14816.9992019,0.0
1515442796,0.0,14816.9992019,0.0
1515442797,5.95553684,14816.99000124,-6.2e-07
1515442798,0.02009773,14816.99,-0.0
1515442799,7.876e-05,14817.0,6.7e-07
1515442800,0.33118445,14817.0,0.0
1515442801,0.0,14817.0,0.0
1515442802,0.59097386,14816.99893774,-7e-08
1515442803,0.03235171,14817.0,7e-08
1515442804,0.00074053,14817.0,0.0
1515442805,0.0,14817.0,0.0
1515442806,0.01676862,14817.0,0.0
1515442807,0.0,14817.0,0.0
1515442808,1.23102237,14817.0,0.0
1515442809,0.07206898,14817.0,0.0
1515442810,0.2199408,14817.0,0.0
1515442811,0.0,14817.0,0.0
1515442812,0.0615408,14817.0,0.0
1515442813,0.10344207,14817.0,0.0
1515442814,0.397,14817.0,0.0
1515442815,0.0,14817.0,0.0
1515442816,1.47125218,14817.0,0.0
1515442817,0.07555182,14817.0,0.0
1515442818,0.0,14817.0,0.0
1515442819,1.06732174,14817.0,0.0
1515442820,1.2,14817.0,-0.0
1515442821,0.75953855,14817.0,0.0
1515442822,0.0,14817.0,0.0
1515442823,0.24541724,14817.0,0.0
1515442824,0.42141188,14817.0,0.0
1515442825,0.0,14817.0,0.0
1515442826,0.07591199,14817.0,-0.0
1515442827,0.05276959,14817.82359708,5.558e-05
1515442828,0.37333444,14819.33610979,0.00010207
1515442829,0.42531745,14824.89478541,0.0003751
1515442830,0.0,14824.89478541,0.0
1515442831,0.13258797,14842.53346111,0.0011898
1515442832,0.03358898,14848.71,0.00041614
1515442833,0.01679449,14848.71,0.0
1515442834,0.0,14848.71,0.0
1515442835,0.0,14848.71,0.0
1515442836,0.0,14848.71,0.0
1515442837,0.0,14848.71,0.0
1515442838,0.0,14848.71,0.0
1515442839,2.38231125,14848.70963896,-2e-08
1515442840,0.0,14848.70963896,0.0
1515442841,0.0,14848.70963896,0.0
1515442842,0.0,14848.70963896,0.0
1515442843,0.00998042,14848.7,-6.5e-07
1515442844,0.15115042,14848.71,6.7e-07
1515442845,0.0,14848.71,0.0
1515442846,0.0,14848.71,0.0
1515442847,0.20153391,14848.71,0.0
1515442848,0.0,14848.71,0.0
1515442849,0.0,14848.71,0.0
1515442850,0.16861939,14848.71,0.0
1515442851,0.06374237,14848.71,0.0
1515442852,0.0,14848.71,0.0
1515442853,0.029,14848.7,-6.7e-07
1515442854,0.0,14848.7,0.0
1515442855,0.38638185,14848.71,6.7e-07
1515442856,0.33118445,14848.71,0.0
1515442857,0.03358898,14848.71,0.0
1515442858,0.06852152,14848.71,0.0
1515442859,0.70574154,14848.71,0.0
1515442860,1.0,14848.71,-0.0
1515442861,0.0,14848.71,0.0
1515442862,6.717e-05,14848.71,0.0
1515442863,0.0,14848.71,0.0
1515442864,0.0,14848.71,0.0
1515442865,2.2535,14848.71,0.0
1515442866,0.0,14848.71,0.0
1515442867,0.00167944,14848.71,0.0
1515442868,0.89419799,14848.71,0.0
1515442869,0.11039481,14848.71,0.0
1515442870,0.0,14848.71,0.0
1515442871,0.0,14848.71,0.0
1515442872,0.91014754,14848.70708222,-2e-07
1515442873,0.02662437,14848.71,2e-07
1515442874,0.02015339,14848.71,0.0
1515442875,0.01,14848.71,0.0
1515442876,0.03358898,14848.71,0.0
1515442877,0.0,14848.71,0.0
1515442878,0.0,14848.71,0.0
1515442879,0.0,14848.71,0.0
1515442880,6.717e-05,14848.71,0.0
1515442881,0.0,14848.71,0.0
1515442882,0.03,14848.71,0.0
1515442883,0.01,14848.71,0.0
1515442884,0.03850726,14848.71,0.0
1515442885,0.06,14848.71,-0.0
1515442886,0.0,14848.71,0.0
1515442887,0.00340554,14848.71,0.0
1515442888,3.37838024,14848.71,0.0
1515442889,2.13977632,14848.7,-6.7e-07
1515442890,0.02,14848.71,6.7e-07
1515442891,2.92217773,14848.71,0.0
1515442892,0.00020153,14848.71,-0.0
1515442893,0.0,14848.71,0.0
1515442894,0.88413216,14848.70003858,-6.7e-07
1515442895,0.0,14848.70003858,0.0
1515442896,0.0,14848.70003858,0.0
1515442897,0.00341051,14848.71,6.7e-07
1515442898,0.0,14848.71,0.0
1515442899,0.93561312,14848.70732399,-1.8e-07
1515442900,0.72943074,14848.70110739,-4.2e-07
1515442901,0.5649002,14848.7063487,3.5e-07
1515442902,0.0,14848.7063487,0.0
1515442903,3.86478172,14848.6688717,-2.52e-06
1515442904,0.21956578,14848.08161169,-3.955e-05
1515442905,0.12204165,14844.84820148,-0.00021777
1515442906,1.1863978,14841.62745816,-0.00021696
1515442907,0.28104196,14840.01,-0.00010898
1515442908,0.0,14840.01,0.0
1515442909,0.00069215,14840.01,-0.0
1515442910,2.1265212,14819.97686574,-0.00134994
1515442911,0.07738032,14820.1891157,1.432e-05
1515442912,6.68426581,14828.52820324,0.00056268
1515442913,0.96651121,14817.17262413,-0.00076579
1515442914,0.0,14817.17262413,0.0
1515442915,0.00086306,14827.34,0.00068619
1515442916,0.3430995,14827.42386824,5.66e-06
1515442917,0.0,14827.42386824,0.0
1515442918,0.00612454,14827.11071845,-2.112e-05
1515442919,0.0,14827.11071845,0.0
1515442920,0.0034105,14826.92,-1.286e-05
1515442921,0.0,14826.92,0.0
1515442922,3.57508707,14817.09671962,-0.00066253
1515442923,0.00096408,14826.7,0.00064812
1515442924,0.06636635,14826.73,2.02e-06
1515442925,0.0,14826.73,0.0
1515442926,0.0,14826.73,0.0
1515442927,0.1334105,14826.72025564,-6.6e-07
1515442928,0.0,14826.72025564,0.0
1515442929,0.20590471,14826.73,6.6e-07
1515442930,0.00438851,14826.73,0.0
1515442931,0.0034105,14826.73,-0.0
1515442932,0.54191346,14824.60564809,-0.00014328
1515442933,0.0,14824.60564809,0.0
1515442934,0.01998656,14816.99,-0.00051372
1515442935,0.0,14816.99,0.0
1515442936,4.3297,14817.0,6.7e-07
1515442937,0.0,14817.0,0.0
1515442938,0.29,14816.99068966,-6.3e-07
1515442939,0.03168396,14816.99,-5e-08
1515442940,1.0303,14816.99,-0.0
1515442941,0.0,14816.99,0.0
1515442942,0.0,14816.99,0.0
1515442943,0.0,14816.99,0.0
1515442944,0.03366087,14817.0,6.7e-07
1515442945,0.0,14817.0,0.0
1515442946,0.4099438,14817.0,0.0
1515442947,0.0,14817.0,0.0
1515442948,0.12624691,14817.0,0.0
1515442949,0.0,14817.0,0.0
1515442950,0.0,14817.0,0.0
1515442951,0.0,14817.0,0.0
1515442952,0.0,14817.0,0.0
1515442953,0.00101911,14817.0,0.0
1515442954,2.70967785,14816.85573394,-9.74e-06
1515442955,0.07398489,14816.0,-5.775e-05
1515442956,0.14962359,14814.79036334,-8.164e-05
1515442957,0.0,14814.79036334,0.0
1515442958,0.2,14811.03365612,-0.00025358
1515442959,0.01683736,14810.8999317,-9.03e-06
1515442960,8.14279758,14814.79335077,0.00026288
1515442961,0.0,14814.79335077,0.0
1515442962,0.4109961,14804.97728231,-0.00066259
1515442963,0.9111336,14800.41739461,-0.000308
1515442964,0.2,14800.1,-2.144e-05
1515442965,0.13456824,14800.12,1.35e-06
1515442966,1.70462898,14800.0490704,-4.79e-06
1515442967,2.12,14800.0,-3.32e-06
1515442968,0.0162366,14800.0,0.0
1515442969,0.0074,14800.0,0.0
1515442970,0.0,14800.0,0.0
1515442971,0.06529,14800.01,6.8e-07
1515442972,0.000347,14800.01,0.0
1515442973,0.0,14800.01,0.0
1515442974,0.0,14800.01,0.0
1515442975,0.0,14800.01,0.0
1515442976,0.049,14800.0,-6.8e-07
1515442977,0.007,14800.0,0.0
1515442978,0.0,14800.0,0.0
1515442979,0.0,14800.0,0.0
1515442980,0.0,14800.0,0.0
1515442981,0.0,14800.0,0.0
1515442982,0.00842487,14800.01,6.8e-07
1515442983,0.0,14800.01,0.0
1515442984,5.6286,14800.01,0.0
1515442985,0.0,14800.01,0.0
1515442986,0.17246612,14800.00130264,-5.9e-07
1515442987,0.01684975,14800.01,5.9e-07
1515442988,1.30427097,14800.0,-6.8e-07
1515442989,0.0,14800.0,0.0
1515442990,0.0,14800.0,0.0
1515442991,0.0,14800.0,0.0
1515442992,0.03032955,14800.01,6.8e-07
1515442993,2.09916045,14788.32793599,-0.00078933
1515442994,0.1568,14780.0,-0.00056314
1515442995,0.30646391,14780.01,6.8e-07
1515442996,0.0156,14780.01,-0.0
1515442997,0.0,14780.01,0.0
1515442998,0.175,14779.84018627,-1.149e-05
1515442999,0.59960605,14775.64516958,-0.00028383
1515443000,0.0101895,14775.0,-4.366e-05
1515443001,0.35011122,14774.49462042,-3.421e-05
1515443002,0.0,14774.49462042,0.0
1515443003,0.10697912,14775.00968069,3.486e-05
1515443004,0.27042788,14775.00359711,-4.1e-07
1515443005,0.37575783,14769.12963706,-0.00039756
1515443006,0.0,14769.12963706,0.0
1515443007,0.02025409,14774.88,0.00038935
1515443008,4.15491589,14775.46988829,3.993e-05
1515443009,2.44408325,14763.28282198,-0.00082482
1515443010,0.00132044,14755.21,-0.00054682
1515443011,0.0,14755.21,0.0
1515443012,0.08139297,14755.21,0.0
1515443013,0.50201715,14755.18840109,-1.46e-06
1515443014,0.01080163,14755.21,1.46e-06
1515443015,0.6882,14755.10263222,-7.28e-06
1515443016,0.02774791,14755.21,7.28e-06
1515443017,0.06760366,14755.21,-0.0
1515443018,0.00204263,14755.21,0.0
1515443019,0.0,14755.21,0.0
1515443020,0.10838945,14755.20929329,-5e-08
1515443021,0.08514051,14755.20002937,-6.3e-07
1515443022,0.0620255,14755.21,6.8e-07
1515443023,0.0,14755.21,0.0
1515443024,0.13909065,14755.21,0.0
1515443025,0.0,14755.21,0.0
1515443026,5.915,14755.21,-0.0
1515443027,0.5268,14755.13354492,-5.18e-06
1515443028,0.0,14755.13354492,0.0
1515443029,0.0,14755.13354492,0.0
1515443030,0.0253949,14755.0,-9.05e-06
1515443031,0.0,14755.0,0.0
1515443032,0.03549911,14755.01,6.8e-07
1515443033,0.0,14755.01,0.0
1515443034,0.0,14755.01,0.0
1515443035,0.0,14755.01,0.0
1515443036,0.0,14755.01,0.0
1515443037,0.0,14755.01,0.0
1515443038,0.32,14755.0,-6.8e-07
1515443039,0.01997039,14755.01,6.8e-07
1515443040,0.07087484,14755.0,-6.8e-07
1515443041,0.29,14755.0,-0.0
1515443042,0.0,14755.0,0.0
1515443043,9.159,14755.01,6.8e-07
1515443044,0.0,14755.01,0.0
1515443045,0.0,14755.01,0.0
1515443046,0.00611475,14755.0,-6.8e-07
1515443047,0.0,14755.0,0.0
1515443048,0.0,14755.0,0.0
1515443049,1.01352091,14755.00013341,1e-08
1515443050,0.0,14755.00013341,0.0
1515443051,0.0,14755.00013341,0.0
1515443052,0.02074351,14755.0,-1e-08
1515443053,1.0,14755.0,0.0
1515443054,2.08781106,14755.0,0.0
1515443055,0.0,14755.0,0.0
1515443056,0.0,14755.0,0.0
1515443057,0.0045,14755.0,0.0
1515443058,0.003,14755.0,0.0
1515443059,4.33136473,14754.87555319,-8.43e-06
1515443060,0.003678,14754.64,-1.596e-05
1515443061,0.16405279,14754.64753732,5.1e-07
1515443062,0.003,14754.64,-5.1e-07
1515443063,0.003,14754.64,0.0
1515443064,0.003,14754.64,0.0
1515443065,0.06679391,14754.64955086,6.5e-07
1515443066,0.003,14754.64,-6.5e-07
1515443067,0.0045,14754.64,0.0
1515443068,0.00840849,14754.64643218,4.4e-07
1515443069,0.00976062,14754.64692642,3e-08
1515443070,0.003678,14754.64,-4.7e-07
1515443071,0.003,14754.64,0.0
1515443072,0.0015,14754.64,0.0
1515443073,0.003,14754.64,0.0
1515443074,0.57651987,14754.64157118,1.1e-07
1515443075,1.21082268,14751.62433949,-0.00020449
1515443076,0.0045,14751.02,-4.097e-05
1515443077,0.003,14751.02,0.0
1515443078,0.8428851,14751.0216596,1.1e-07
1515443079,11.90673042,14748.83057386,-0.00014854
1515443080,0.68939487,14747.06495821,-0.00011971
1515443081,0.71117454,14729.98813086,-0.00115798
1515443082,0.0,14729.98813086,0.0
1515443083,3.0,14714.70098688,-0.00103782
1515443084,0.05562829,14715.7,6.789e-05
1515443085,2.4192817,14702.60970891,-0.00088955
1515443086,0.0,14702.60970891,0.0
1515443087,0.0,14702.60970891,0.0
1515443088,1.0,14715.69,0.00088966
1515443089,7.54423118,14700.06409394,-0.00106185
1515443090,0.0,14700.06409394,0.0
1515443091,0.01,14699.01,-7.171e-05
1515443092,0.02,14699.01,0.0
1515443093,0.0,14699.01,0.0
1515443094,2.07150281,14688.13309098,-0.00073998
1515443095,0.0,14688.13309098,0.0
1515443096,0.31416012,14680.00128279,-0.00055363
1515443097,10.9673591,14656.67233531,-0.00158917
1515443098,0.13482468,14678.87307759,0.00151472
1515443099,0.37024584,14663.56,-0.00104321
1515443100,0.0,14663.56,0.0
1515443101,0.0466336,14663.56,0.0
1515443102,1.87042491,14662.85141279,-4.832e-05
1515443103,0.09318673,14652.06239013,-0.00073581
1515443104,0.48476468,14652.06,-1.6e-07
1515443105,0.0,14652.06,0.0
1515443106,0.0035,14652.07,6.8e-07
1515443107,0.11498251,14652.07,0.0
1515443108,8.70339935,14645.07471928,-0.00047743
1515443109,0.03401114,14652.04,0.00047561
1515443110,7.35302386,14623.54060425,-0.00194508
1515443111,0.5759055,14652.02735112,0.00194801
1515443112,0.0,14652.02735112,0.0
1515443113,2.11013139,14637.50135083,-0.0009914
1515443114,4.9633,14646.60355323,0.00062184
