time,volume,price,change
1514708107,0.16552647,13022.23366437,
1514708108,0.0,13022.23366437,0.0
1514708109,0.0,13022.23366437,0.0
1514708110,0.1775,13024.69,0.00018863
1514708111,0.377,13024.69,-0.0
1514708112,1.1583043,13044.66369413,0.00153353
1514708113,0.0,13044.66369413,0.0
1514708114,0.00038232,13045.3,4.878e-05
1514708115,0.0,13045.3,0.0
1514708116,0.02,13045.3,0.0
1514708117,0.0,13045.3,0.0
1514708118,0.0,13045.3,0.0
1514708119,1.78743653,13045.29999786,-0.0
1514708120,0.35511934,13045.3,0.0
1514708121,0.0,13045.3,0.0
1514708122,0.0,13045.3,0.0
1514708123,0.0,13045.3,0.0
1514708124,0.0,13045.3,0.0
1514708125,0.0,13045.3,0.0
1514708126,0.0,13045.3,0.0
1514708127,0.0,13045.3,0.0
1514708128,0.0,13045.3,0.0
1514708129,0.0,13045.3,0.0
1514708130,0.0438,13045.3,0.0
1514708131,0.0,13045.3,0.0
1514708132,0.0,13045.3,0.0
1514708133,0.12343298,13044.62191645,-5.198e-05
1514708134,0.047,13045.29,5.122e-05
1514708135,0.01582591,13045.3,7.7e-07
1514708136,0.0,13045.3,0.0
1514708137,0.00063666,13041.76092373,-0.00027129
1514708138,0.0,13041.76092373,0.0
1514708139,0.0,13041.76092373,0.0
1514708140,0.0,13041.76092373,0.0
1514708141,0.0,13041.76092373,0.0
1514708142,0.0,13041.76092373,0.0
1514708143,0.0,13041.76092373,0.0
1514708144,0.0,13041.76092373,0.0
1514708145,0.0,13041.76092373,0.0
1514708146,0.0,13041.76092373,0.0
1514708147,0.0,13041.76092373,0.0
1514708148,0.0,13041.76092373,0.0
1514708149,0.0,13041.76092373,0.0
1514708150,0.0,13041.76092373,0.0
1514708151,0.00071413,13032.24,-0.00073003
1514708152,0.0,13032.24,0.0
1514708153,0.0,13032.24,0.0
1514708154,0.04251034,13032.23,-7.7e-07
1514708155,0.3834,13045.64602215,0.00102945
1514708156,0.0,13045.64602215,0.0
1514708157,0.0,13045.64602215,0.0
1514708158,0.0,13045.64602215,0.0
1514708159,0.08028256,13049.91681201,0.00032737
1514708160,0.0,13049.91681201,0.0
1514708161,0.0,13049.91681201,0.0
1514708162,0.013002,13050.0,6.37e-06
1514708163,0.0,13050.0,0.0
1514708164,0.0,13050.0,0.0
1514708165,0.0,13050.0,0.0
1514708166,0.0,13050.0,0.0
1514708167,0.0,13050.0,0.0
1514708168,0.0,13050.0,0.0
1514708169,0.0,13050.0,0.0
1514708170,0.0,13050.0,0.0
1514708171,0.52342094,13050.0,-0.0
1514708172,0.0,13050.0,0.0
1514708173,0.0,13050.0,0.0
1514708174,0.0,13050.0,0.0
1514708175,0.8614,13050.0,0.0
1514708176,0.0,13050.0,0.0
1514708177,0.0,13050.0,0.0
1514708178,0.000768,13049.99,-7.7e-07
1514708179,0.0,13049.99,0.0
1514708180,0.0,13049.99,0.0
1514708181,0.34636934,13038.96299901,-0.00084498
1514708182,0.0,13038.96299901,0.0
1514708183,0.0,13038.96299901,0.0
1514708184,0.25323408,13034.95198191,-0.00030762
1514708185,0.0,13034.95198191,0.0
1514708186,0.0,13034.95198191,0.0
1514708187,0.79681974,13049.97,0.00115213
1514708188,0.0,13049.97,0.0
1514708189,0.0,13049.97,0.0
1514708190,0.0,13049.97,0.0
1514708191,0.0,13049.97,0.0
1514708192,0.0,13049.97,0.0
1514708193,0.0,13049.97,0.0
1514708194,0.07377364,13049.96,-7.7e-07
1514708195,0.0,13049.96,0.0
1514708196,0.0,13049.96,0.0
1514708197,0.0,13049.96,0.0
1514708198,0.11,13049.90781864,-4e-06
1514708199,0.0,13049.90781864,0.0
1514708200,0.1979,13033.66,-0.00124505
1514708201,0.00011494,13033.65,-7.7e-07
1514708202,0.0,13033.65,0.0
1514708203,0.0,13033.65,0.0
1514708204,0.0,13033.65,0.0
1514708205,0.0,13033.65,0.0
1514708206,0.0,13033.65,0.0
1514708207,0.02909,13032.24,-0.00010818
1514708208,0.0,13032.24,0.0
1514708209,0.56027307,13032.24,0.0
1514708210,0.0,13032.24,0.0
1514708211,0.0642287,13030.12,-0.00016267
1514708212,0.0,13030.12,0.0
1514708213,0.0504,13030.11,-7.7e-07
1514708214,0.0,13030.11,0.0
1514708215,0.0,13030.11,0.0
1514708216,0.0,13030.11,0.0
1514708217,0.02990931,13029.9882342,-9.34e-06
1514708218,0.0,13029.9882342,0.0
1514708219,0.0,13029.9882342,0.0
1514708220,0.09663366,13023.81645795,-0.00047366
1514708221,0.05014179,13022.54,-9.801e-05
1514708222,0.0,13022.54,0.0
1514708223,0.1203,13029.79,0.00055673
1514708224,0.053162,13022.55,-0.00055565
1514708225,0.0,13022.55,0.0
1514708226,0.0,13022.55,0.0
1514708227,0.12737352,13021.38943453,-8.912e-05
1514708228,0.0,13021.38943453,0.0
1514708229,0.0,13021.38943453,0.0
1514708230,0.05691519,13019.33,-0.00015816
1514708231,0.12047233,13022.51771873,0.00024485
1514708232,0.0,13022.51771873,0.0
1514708233,0.29511,13015.02130184,-0.00057565
1514708234,0.21221893,13029.9632389,0.00114805
1514708235,0.0,13029.9632389,0.0
1514708236,0.0,13029.9632389,0.0
1514708237,0.0,13029.9632389,0.0
1514708238,0.015,13020.0,-0.00076464
1514708239,0.0,13020.0,0.0
1514708240,0.12567322,13019.60797552,-3.011e-05
1514708241,0.04508141,13012.21,-0.00056822
1514708242,0.0,13012.21,0.0
1514708243,0.00062855,13012.22,7.7e-07
1514708244,0.0,13012.22,0.0
1514708245,0.0,13012.22,0.0
1514708246,2.5,13008.60050739,-0.00027816
1514708247,0.0,13008.60050739,0.0
1514708248,0.0,13008.60050739,0.0
1514708249,0.08466455,13012.18,0.00027516
1514708250,0.0,13012.18,0.0
1514708251,0.0,13012.18,0.0
1514708252,0.0,13012.18,0.0
1514708253,0.10166879,13012.18,0.0
1514708254,0.0,13012.18,0.0
1514708255,0.0,13012.18,0.0
1514708256,0.0,13012.18,0.0
1514708257,0.0,13012.18,0.0
1514708258,0.0,13012.18,0.0
1514708259,0.0,13012.18,0.0
1514708260,0.0,13012.18,0.0
1514708261,0.1878,13019.10828303,0.00053245
1514708262,0.0,13019.10828303,0.0
1514708263,0.0,13019.10828303,0.0
1514708264,0.0,13019.10828303,0.0
1514708265,0.0,13019.10828303,0.0
1514708266,0.0016346,13019.13,1.67e-06
1514708267,0.0,13019.13,0.0
1514708268,0.0,13019.13,0.0
1514708269,0.0,13019.13,0.0
1514708270,0.0,13019.13,0.0
1514708271,0.0,13019.13,0.0
1514708272,0.0,13019.13,0.0
1514708273,0.0,13019.13,0.0
1514708274,0.0,13019.13,0.0
1514708275,0.0,13019.13,0.0
1514708276,0.0,13019.13,0.0
1514708277,0.3335,13018.51,-4.762e-05
1514708278,0.0,13018.51,0.0
1514708279,0.0,13018.51,0.0
1514708280,0.0,13018.51,0.0
1514708281,0.0,13018.51,0.0
1514708282,0.0,13018.51,0.0
1514708283,0.0,13018.51,0.0
1514708284,0.0,13018.51,0.0
1514708285,0.3205342,13018.51,0.0
1514708286,0.0,13018.51,0.0
1514708287,0.0,13018.51,0.0
1514708288,0.0,13018.51,0.0
1514708289,0.0,13018.51,0.0
1514708290,0.0,13018.51,0.0
1514708291,0.0,13018.51,0.0
1514708292,0.0,13018.51,0.0
1514708293,0.065,13018.51,0.0
1514708294,0.0001,13018.5,-7.7e-07
1514708295,0.0,13018.5,0.0
1514708296,0.0,13018.5,0.0
1514708297,0.0,13018.5,0.0
1514708298,0.0,13018.5,0.0
1514708299,0.04149,13016.23547843,-0.00017395
1514708300,0.0,13016.23547843,0.0
1514708301,0.0,13016.23547843,0.0
1514708302,0.0,13016.23547843,0.0
1514708303,0.0,13016.23547843,0.0
1514708304,0.3,13009.55789177,-0.00051302
1514708305,0.74034652,13007.12395489,-0.00018709
1514708306,0.0,13007.12395489,0.0
1514708307,0.0,13007.12395489,0.0
1514708308,0.01533797,13007.01,-8.76e-06
1514708309,0.0,13007.01,0.0
1514708310,0.2847,13007.0,-7.7e-07
1514708311,0.0,13007.0,0.0
1514708312,0.0,13007.0,0.0
1514708313,0.0,13007.0,0.0
1514708314,0.0,13007.0,0.0
1514708315,0.0,13007.0,0.0
1514708316,0.0,13007.0,0.0
1514708317,0.0,13007.0,0.0
1514708318,0.0,13007.0,0.0
1514708319,0.18219611,13007.0,0.0
1514708320,0.0,13007.0,0.0
1514708321,0.0,13007.0,0.0
1514708322,0.0,13007.0,0.0
1514708323,0.0,13007.0,0.0
1514708324,0.0,13007.0,0.0
1514708325,0.0,13007.0,0.0
1514708326,0.0,13007.0,0.0
1514708327,0.00449306,13005.1,-0.00014608
1514708328,0.0,13005.1,0.0
1514708329,0.0,13005.1,0.0
1514708330,0.5411,13005.1,0.0
1514708331,0.0,13005.1,0.0
1514708332,0.0,13005.1,0.0
1514708333,0.0,13005.1,0.0
1514708334,0.0,13005.1,0.0
1514708335,0.0,13005.1,0.0
1514708336,0.0,13005.1,0.0
1514708337,0.0,13005.1,0.0
1514708338,0.0,13005.1,0.0
1514708339,0.0,13005.1,0.0
1514708340,0.0,13005.1,0.0
1514708341,0.0,13005.1,0.0
1514708342,0.013,13005.02230769,-5.97e-06
1514708343,0.58,13005.0,-1.72e-06
1514708344,0.41133753,13005.01,7.7e-07
1514708345,0.0,13005.01,0.0
1514708346,0.124,13005.0,-7.7e-07
1514708347,0.0,13005.0,0.0
1514708348,0.0,13005.0,0.0
1514708349,0.0,13005.0,0.0
1514708350,0.299,13005.01,7.7e-07
1514708351,0.0004,13005.0,-7.7e-07
1514708352,0.0,13005.0,0.0
1514708353,0.0,13005.0,0.0
1514708354,0.0,13005.0,0.0
1514708355,0.0,13005.0,0.0
1514708356,0.0,13005.0,0.0
1514708357,0.0,13005.0,0.0
1514708358,0.0,13005.0,0.0
1514708359,0.0,13005.0,0.0
1514708360,0.0,13005.0,0.0
1514708361,0.14238612,13005.00297684,2.3e-07
1514708362,0.0,13005.00297684,0.0
1514708363,0.0,13005.00297684,0.0
1514708364,0.0,13005.00297684,0.0
1514708365,0.0,13005.00297684,0.0
1514708366,0.2029,13005.00950715,5e-07
1514708367,0.0,13005.00950715,0.0
1514708368,0.0,13005.00950715,0.0
1514708369,0.0,13005.00950715,0.0
1514708370,0.0,13005.00950715,0.0
1514708371,0.01534033,13005.01,4e-08
1514708372,0.0,13005.01,0.0
1514708373,0.0,13005.01,0.0
1514708374,0.0157808,13005.01,0.0
1514708375,0.0,13005.01,0.0
1514708376,0.0,13005.01,0.0
1514708377,0.0,13005.01,0.0
1514708378,0.0,13005.01,0.0
1514708379,0.02030514,13005.01,0.0
1514708380,0.0,13005.01,0.0
1514708381,0.00602215,13005.01,0.0
1514708382,0.0,13005.01,0.0
1514708383,0.9671,13005.00192431,-6.2e-07
1514708384,0.0,13005.00192431,0.0
1514708385,0.09281311,13005.01,6.2e-07
1514708386,0.04377451,13005.01,0.0
1514708387,0.0,13005.01,0.0
1514708388,0.0,13005.01,0.0
1514708389,0.3299,13005.00151258,-6.5e-07
1514708390,0.0,13005.00151258,0.0
1514708391,0.0,13005.00151258,0.0
1514708392,0.0159969,13005.01,6.5e-07
1514708393,0.0011,13005.01,0.0
1514708394,0.0,13005.01,0.0
1514708395,0.0,13005.01,0.0
1514708396,1.66631603,13005.0,-7.7e-07
1514708397,0.0,13005.0,0.0
1514708398,0.0,13005.0,0.0
1514708399,0.0,13005.0,0.0
1514708400,0.0,13005.0,0.0
1514708401,0.0,13005.0,0.0
1514708402,0.0,13005.0,0.0
1514708403,0.0,13005.0,0.0
1514708404,0.9148,13005.01,7.7e-07
1514708405,0.49335217,13005.0,-7.7e-07
1514708406,0.0,13005.0,0.0
1514708407,0.0,13005.0,0.0
1514708408,0.0,13005.0,0.0
1514708409,0.0,13005.0,0.0
1514708410,0.05,13005.01,7.7e-07
1514708411,0.0,13005.01,0.0
1514708412,0.0,13005.01,0.0
1514708413,0.0,13005.01,0.0
1514708414,0.0,13005.01,0.0
1514708415,0.0,13005.01,0.0
1514708416,0.01,13005.0,-7.7e-07
1514708417,0.0,13005.0,0.0
1514708418,0.811682,13005.0,0.0
1514708419,0.0,13005.0,0.0
1514708420,0.0,13005.0,0.0
1514708421,0.0,13005.0,0.0
1514708422,0.0,13005.0,0.0
1514708423,0.0,13005.0,0.0
1514708424,0.05,13005.01,7.7e-07
1514708425,0.0,13005.01,0.0
1514708426,0.0,13005.01,0.0
1514708427,0.0,13005.01,0.0
1514708428,0.01,13005.01,0.0
1514708429,0.0,13005.01,0.0
1514708430,0.0,13005.01,0.0
1514708431,0.0,13005.01,0.0
1514708432,0.0,13005.01,0.0
1514708433,0.0,13005.01,0.0
1514708434,0.0,13005.01,0.0
1514708435,0.0,13005.01,0.0
1514708436,0.0,13005.01,0.0
1514708437,0.0,13005.01,0.0
1514708438,0.07,13005.01,-0.0
1514708439,0.0,13005.01,0.0
1514708440,0.0,13005.01,0.0
1514708441,0.0,13005.01,0.0
1514708442,0.71370179,13004.48314738,-4.051e-05
1514708443,0.0545767,13004.01,-3.638e-05
1514708444,0.0,13004.01,0.0
1514708445,0.0,13004.01,0.0
1514708446,0.0,13004.01,0.0
1514708447,7.67e-05,13004.01,0.0
1514708448,0.0,13004.01,0.0
1514708449,0.0,13004.01,0.0
1514708450,0.0,13004.01,0.0
1514708451,0.0,13004.01,0.0
1514708452,0.0,13004.01,0.0
1514708453,0.0,13004.01,0.0
1514708454,1.0,13004.0,-7.7e-07
1514708455,0.0,13004.0,0.0
1514708456,0.02,13004.01,7.7e-07
1514708457,0.0,13004.01,0.0
1514708458,2.5,13004.0,-7.7e-07
1514708459,0.0,13004.0,0.0
1514708460,0.05,13004.0,0.0
1514708461,0.0,13004.0,0.0
1514708462,0.0200767,13004.01,7.7e-07
1514708463,0.0,13004.01,0.0
1514708464,0.01208645,13004.0,-7.7e-07
1514708465,1.08897811,13003.99903351,-7e-08
1514708466,0.0018439,13003.92,-6.08e-06
1514708467,0.23,13002.00130435,-0.00014755
1514708468,0.0,13002.00130435,0.0
1514708469,0.57803513,13001.000692,-7.696e-05
1514708470,0.0,13001.000692,0.0
1514708471,0.0,13001.000692,0.0
1514708472,1.43294563,13001.0,-5e-08
1514708473,1.66336718,13001.0,0.0
1514708474,0.0,13001.0,0.0
1514708475,0.0,13001.0,0.0
1514708476,0.0,13001.0,0.0
1514708477,0.0,13001.0,0.0
1514708478,0.00767252,13001.01,7.7e-07
1514708479,0.0,13001.01,0.0
1514708480,0.60219054,13001.0015427,-6.5e-07
1514708481,0.0,13001.0015427,0.0
1514708482,0.0,13001.0015427,0.0
1514708483,0.0350946,13001.0,-1.2e-07
1514708484,0.0,13001.0,0.0
1514708485,0.0,13001.0,0.0
1514708486,0.0,13001.0,0.0
1514708487,0.22400124,13001.0,0.0
1514708488,0.0,13001.0,0.0
1514708489,0.0,13001.0,0.0
1514708490,0.0,13001.0,0.0
1514708491,3.10120696,13000.18546869,-6.265e-05
1514708492,0.1,13000.0,-1.427e-05
1514708493,0.60163132,13000.0,0.0
1514708494,0.0,13000.0,0.0
1514708495,0.0,13000.0,0.0
1514708496,0.25,13000.0,0.0
1514708497,0.0,13000.0,0.0
1514708498,0.00081097,13000.0,-0.0
1514708499,0.0,13000.0,0.0
1514708500,0.0,13000.0,0.0
1514708501,0.0,13000.0,0.0
1514708502,0.0,13000.0,0.0
1514708503,0.0474,13000.0,0.0
1514708504,0.0,13000.0,0.0
1514708505,0.0,13000.0,0.0
1514708506,0.0,13000.0,0.0
1514708507,0.0,13000.0,0.0
1514708508,1.00002669,12999.99705842,-2.3e-07
1514708509,0.0,12999.99705842,0.0
1514708510,0.0,12999.99705842,0.0
1514708511,0.0,12999.99705842,0.0
1514708512,0.0,12999.99705842,0.0
1514708513,1.15846525,12992.8296234,-0.00055134
1514708514,0.0,12992.8296234,0.0
1514708515,0.0,12992.8296234,0.0
1514708516,0.0,12992.8296234,0.0
1514708517,0.39234349,12990.00766165,-0.00021719
1514708518,0.0,12990.00766165,0.0
1514708519,0.0,12990.00766165,0.0
1514708520,0.05463673,12990.0,-5.9e-07
1514708521,7.679e-05,12990.01,7.7e-07
1514708522,0.0,12990.01,0.0
1514708523,0.075,12990.01,0.0
1514708524,0.0,12990.01,0.0
1514708525,0.0,12990.01,0.0
1514708526,0.0,12990.01,0.0
1514708527,0.3447,12990.01,0.0
1514708528,0.18643068,12990.0,-7.7e-07
1514708529,0.02239508,12990.0,0.0
1514708530,4.27427506,12989.73493607,-2.041e-05
1514708531,0.0,12989.73493607,0.0
1514708532,0.0,12989.73493607,0.0
1514708533,0.0,12989.73493607,0.0
1514708534,0.0,12989.73493607,0.0
1514708535,0.0,12989.73493607,0.0
1514708536,0.14393172,12979.23484729,-0.00080834
1514708537,0.0236,12975.0,-0.00032628
1514708538,0.21574373,12974.00369855,-7.679e-05
1514708539,5.74767069,12970.77333281,-0.00024899
1514708540,0.0,12970.77333281,0.0
1514708541,0.0,12970.77333281,0.0
1514708542,0.0,12970.77333281,0.0
1514708543,0.22436202,12964.99,-0.00044587
1514708544,0.0,12964.99,0.0
1514708545,0.79681974,12963.3723071,-0.00012477
1514708546,0.0,12963.3723071,0.0
1514708547,0.3245,12957.43648459,-0.00045789
1514708548,0.0,12957.43648459,0.0
1514708549,0.01,12955.0,-0.00018804
1514708550,0.0,12955.0,0.0
1514708551,0.06392447,12955.0,0.0
1514708552,0.0,12955.0,0.0
1514708553,0.00577482,12955.01,7.7e-07
1514708554,0.02637171,12955.01,0.0
1514708555,4.91984584,12954.99577832,-1.1e-06
1514708556,0.0,12954.99577832,0.0
1514708557,0.0411934,12953.5,-0.00011546
1514708558,0.02513488,12953.5,0.0
1514708559,0.0,12953.5,0.0
1514708560,0.63,12949.40336529,-0.00031626
1514708561,0.00448419,12946.56,-0.00021958
1514708562,0.00770479,12946.56,0.0
1514708563,0.0,12946.56,0.0
1514708564,0.0,12946.56,0.0
1514708565,0.83701544,12943.03718998,-0.0002721
1514708566,0.0822,12940.01,-0.00023389
1514708567,0.00115875,12940.0,-7.7e-07
1514708568,0.0,12940.0,0.0
1514708569,0.0,12940.0,0.0
1514708570,0.0,12940.0,0.0
1514708571,1.3719484,12939.74,-2.009e-05
1514708572,0.29068963,12935.13986135,-0.0003555
1514708573,0.0,12935.13986135,0.0
1514708574,0.0,12935.13986135,0.0
1514708575,0.09018137,12932.0,-0.00024274
1514708576,0.000462,12931.55,-3.48e-05
1514708577,0.0,12931.55,0.0
1514708578,1.30518565,12929.40714975,-0.00016571
1514708579,0.0,12929.40714975,0.0
1514708580,0.0,12929.40714975,0.0
1514708581,1.25908973,12925.01,-0.00034009
1514708582,6.74389195,12923.92863126,-8.366e-05
1514708583,0.41920944,12912.17091796,-0.00090976
1514708584,0.0,12912.17091796,0.0
1514708585,0.0,12912.17091796,0.0
1514708586,0.03166429,12913.84,0.00012926
1514708587,0.0,12913.84,0.0
1514708588,0.1184,12913.84,0.0
1514708589,0.0,12913.84,0.0
1514708590,0.0,12913.84,0.0
1514708591,6.20259826,12910.17021702,-0.00028417
1514708592,0.00189398,12905.01,-0.0003997
1514708593,0.0,12905.01,0.0
1514708594,0.00038744,12905.01,-0.0
1514708595,0.3,12903.87216667,-8.817e-05
1514708596,0.0,12903.87216667,0.0
1514708597,0.13734364,12903.0,-6.759e-05
1514708598,0.0,12903.0,0.0
1514708599,0.0,12903.0,0.0
1514708600,0.0,12903.0,0.0
1514708601,0.0,12903.0,0.0
1514708602,0.0,12903.0,0.0
1514708603,0.0,12903.0,0.0
1514708604,0.0,12903.0,0.0
1514708605,0.20463199,12903.01,7.8e-07
1514708606,0.0,12903.01,0.0
1514708607,0.0,12903.01,0.0
1514708608,0.0,12903.01,0.0
1514708609,0.6349,12903.01,0.0
1514708610,0.0,12903.01,0.0
1514708611,0.0,12903.01,0.0
1514708612,0.0,12903.01,0.0
1514708613,0.0077308,12903.01,-0.0
1514708614,0.0,12903.01,0.0
1514708615,0.0,12903.01,0.0
1514708616,0.0154616,12903.01,0.0
1514708617,0.18605975,12903.00946254,-4e-08
1514708618,0.0,12903.00946254,0.0
1514708619,0.0,12903.00946254,0.0
1514708620,0.04314148,12903.0,-7.3e-07
1514708621,0.0,12903.0,0.0
1514708622,0.0,12903.0,0.0
1514708623,0.0,12903.0,0.0
1514708624,0.0,12903.0,0.0
1514708625,0.0,12903.0,0.0
1514708626,0.06984368,12903.0,0.0
1514708627,0.0,12903.0,0.0
1514708628,0.0,12903.0,0.0
1514708629,0.0,12903.0,0.0
1514708630,0.0667,12903.0,0.0
1514708631,0.0,12903.0,0.0
1514708632,0.0,12903.0,0.0
1514708633,0.0,12903.0,0.0
1514708634,0.0,12903.0,0.0
1514708635,0.0,12903.0,0.0
1514708636,0.0,12903.0,0.0
1514708637,0.0,12903.0,0.0
1514708638,0.0,12903.0,0.0
1514708639,0.0,12903.0,0.0
1514708640,0.0,12903.0,0.0
1514708641,0.0,12903.0,0.0
1514708642,0.0,12903.0,0.0
1514708643,0.0158,12903.01,7.8e-07
1514708644,0.0,12903.01,0.0
1514708645,1.62636373,12903.01,-0.0
1514708646,0.0,12903.01,0.0
1514708647,0.1662,12903.04432369,2.66e-06
1514708648,0.04,12903.24,1.517e-05
1514708649,2.52357823,12914.25174797,0.00085341
1514708650,0.05366361,12917.26,0.00023294
1514708651,0.0,12917.26,0.0
1514708652,0.0,12917.26,0.0
1514708653,0.0,12917.26,0.0
1514708654,0.01,12918.87422416,0.00012497
1514708655,0.115,12919.62608696,5.82e-05
1514708656,0.0,12919.62608696,0.0
1514708657,0.0,12919.62608696,0.0
1514708658,0.02065477,12925.01,0.00041672
1514708659,0.0,12925.01,0.0
1514708660,0.0,12925.01,0.0
1514708661,0.01061298,12928.22,0.00024836
1514708662,0.0,12928.22,0.0
1514708663,0.0,12928.22,0.0
1514708664,0.00245745,12928.22,-0.0
1514708665,0.027,12928.22,0.0
1514708666,0.0,12928.22,0.0
1514708667,0.0,12928.22,0.0
1514708668,0.0,12928.22,0.0
1514708669,0.533,12941.08264232,0.00099493
1514708670,0.79397059,12945.00719819,0.00030326
1514708671,0.0,12945.00719819,0.0
1514708672,0.0,12945.00719819,0.0
1514708673,0.0021,12946.0,7.669e-05
1514708674,0.15410261,12946.0,0.0
1514708675,0.0,12946.0,0.0
1514708676,0.0,12946.0,0.0
1514708677,0.0,12946.0,0.0
1514708678,0.0,12946.0,0.0
1514708679,0.0,12946.0,0.0
1514708680,0.0,12946.0,0.0
1514708681,0.03960437,12946.0,0.0
1514708682,0.0,12946.0,0.0
1514708683,0.0,12946.0,0.0
1514708684,0.0,12946.0,0.0
1514708685,0.0,12946.0,0.0
1514708686,0.0,12946.0,0.0
1514708687,0.10823628,12946.0,-0.0
1514708688,0.0,12946.0,0.0
1514708689,0.0,12946.0,0.0
1514708690,0.0,12946.0,0.0
1514708691,0.0,12946.0,0.0
1514708692,0.0,12946.0,0.0
1514708693,0.022,12946.0,0.0
1514708694,0.0,12946.0,0.0
1514708695,0.0,12946.0,0.0
1514708696,0.0,12946.0,0.0
1514708697,0.0,12946.0,0.0
1514708698,0.0,12946.0,0.0
1514708699,0.49811127,12946.0,-0.0
1514708700,0.05,12946.0,0.0
1514708701,0.05,12946.0,0.0
1514708702,0.7902752,12946.0,0.0
1514708703,0.0,12946.0,0.0
1514708704,0.13554558,12946.29363902,2.268e-05
1514708705,0.0,12946.29363902,0.0
1514708706,0.0,12946.29363902,0.0
1514708707,0.28857757,12948.01,0.00013258
1514708708,0.0223,12948.0,-7.7e-07
1514708709,0.0,12948.0,0.0
1514708710,0.0,12948.0,0.0
1514708711,0.0,12948.0,0.0
1514708712,1.08050897,12953.96941005,0.00046103
1514708713,0.0,12953.96941005,0.0
1514708714,0.3805188,12954.99900875,7.948e-05
1514708715,0.0,12954.99900875,0.0
1514708716,0.0351969,12954.99,-7e-07
1514708717,0.0,12954.99,0.0
1514708718,0.0,12954.99,0.0
1514708719,0.0,12954.99,0.0
1514708720,0.01404842,12954.99,-0.0
1514708721,0.0,12954.99,0.0
1514708722,0.0,12954.99,0.0
1514708723,0.0,12954.99,0.0
1514708724,0.0,12954.99,0.0
1514708725,0.0,12954.99,0.0
1514708726,0.0,12954.99,0.0
1514708727,0.0,12954.99,0.0
1514708728,0.0,12954.99,0.0
1514708729,0.0,12954.99,0.0
1514708730,0.0,12954.99,0.0
1514708731,0.0,12954.99,0.0
1514708732,0.0,12954.99,0.0
1514708733,1.3743,12950.39543374,-0.00035466
1514708734,0.0,12950.39543374,0.0
1514708735,0.25,12947.99708296,-0.0001852
1514708736,0.0,12947.99708296,0.0
1514708737,0.0,12947.99708296,0.0
1514708738,0.0,12947.99708296,0.0
1514708739,0.0,12947.99708296,0.0
1514708740,0.1356,12947.99,-5.5e-07
1514708741,0.0,12947.99,0.0
1514708742,0.0,12947.99,0.0
1514708743,0.0,12947.99,0.0
1514708744,0.0,12947.99,0.0
1514708745,0.0,12947.99,0.0
1514708746,0.0,12947.99,0.0
1514708747,0.03,12947.99,0.0
1514708748,0.0,12947.99,0.0
1514708749,0.0,12947.99,0.0
1514708750,0.0,12947.99,0.0
1514708751,0.0,12947.99,0.0
1514708752,0.0,12947.99,0.0
1514708753,0.0,12947.99,0.0
1514708754,0.0395,12947.99,0.0
1514708755,0.0,12947.99,0.0
1514708756,0.0,12947.99,0.0
1514708757,0.0,12947.99,0.0
1514708758,0.0,12947.99,0.0
1514708759,0.0,12947.99,0.0
1514708760,0.0,12947.99,0.0
1514708761,0.0,12947.99,0.0
1514708762,0.0,12947.99,0.0
1514708763,0.0,12947.99,0.0
1514708764,0.0,12947.99,0.0
1514708765,0.0,12947.99,0.0
1514708766,0.0,12947.99,0.0
1514708767,0.0,12947.99,0.0
1514708768,0.164,12947.98,-7.7e-07
1514708769,0.0,12947.98,0.0
1514708770,0.7899,12947.99,7.7e-07
1514708771,0.0,12947.99,0.0
1514708772,0.0,12947.99,0.0
1514708773,0.0,12947.99,0.0
1514708774,0.0,12947.99,0.0
1514708775,0.01,12947.98,-7.7e-07
1514708776,0.0,12947.98,0.0
1514708777,0.0,12947.98,0.0
1514708778,0.0,12947.98,0.0
1514708779,0.10823628,12940.18761841,-0.00060182
1514708780,0.0,12940.18761841,0.0
1514708781,0.0,12940.18761841,0.0
1514708782,0.0,12940.18761841,0.0
1514708783,0.0,12940.18761841,0.0
1514708784,0.0,12940.18761841,0.0
1514708785,0.0,12940.18761841,0.0
1514708786,0.0,12940.18761841,0.0
1514708787,0.02,12938.34,-0.00014278
1514708788,0.0,12938.34,0.0
1514708789,0.0,12938.34,0.0
1514708790,0.5744,12938.34,0.0
1514708791,0.0,12938.34,0.0
1514708792,0.0,12938.34,0.0
1514708793,0.0,12938.34,0.0
1514708794,0.0,12938.34,0.0
1514708795,0.0,12938.34,0.0
1514708796,0.0,12938.34,0.0
1514708797,0.0,12938.34,0.0
1514708798,0.02,12938.34,0.0
1514708799,0.0,12938.34,0.0
1514708800,0.0,12938.34,0.0
1514708801,0.0,12938.34,0.0
1514708802,0.01764882,12938.34,0.0
1514708803,0.0,12938.34,0.0
1514708804,0.0,12938.34,0.0
1514708805,0.0,12938.34,0.0
1514708806,0.03854846,12938.34,0.0
1514708807,0.0,12938.34,0.0
1514708808,0.0,12938.34,0.0
1514708809,0.0,12938.34,0.0
1514708810,0.5827,12938.39828208,4.5e-06
1514708811,0.807,12947.08905414,0.0006717
1514708812,0.0,12947.08905414,0.0
1514708813,0.0,12947.08905414,0.0
1514708814,0.0,12947.08905414,0.0
1514708815,0.0,12947.08905414,0.0
1514708816,0.0,12947.08905414,0.0
1514708817,0.0,12947.08905414,0.0
1514708818,0.0,12947.08905414,0.0
1514708819,0.0,12947.08905414,0.0
1514708820,0.0,12947.08905414,0.0
1514708821,0.0,12947.08905414,0.0
1514708822,0.415,12947.99,6.959e-05
1514708823,0.31909926,12949.42313682,0.00011068
1514708824,0.0,12949.42313682,0.0
1514708825,0.0,12949.42313682,0.0
1514708826,0.0,12949.42313682,0.0
1514708827,0.0,12949.42313682,0.0
1514708828,0.0,12949.42313682,0.0
1514708829,0.0,12949.42313682,0.0
1514708830,0.0,12949.42313682,0.0
1514708831,0.0,12949.42313682,0.0
1514708832,0.4266,12951.64197644,0.00017135
1514708833,0.0,12951.64197644,0.0
1514708834,0.0,12951.64197644,0.0
1514708835,0.0,12951.64197644,0.0
1514708836,0.0,12951.64197644,0.0
1514708837,0.0,12951.64197644,0.0
1514708838,0.0,12951.64197644,0.0
1514708839,0.0,12951.64197644,0.0
1514708840,0.0,12951.64197644,0.0
1514708841,0.0,12951.64197644,0.0
1514708842,0.0,12951.64197644,0.0
1514708843,0.0,12951.64197644,0.0
1514708844,0.0,12951.64197644,0.0
1514708845,0.0,12951.64197644,0.0
1514708846,0.0,12951.64197644,0.0
1514708847,0.0,12951.64197644,0.0
1514708848,0.0,12951.64197644,0.0
1514708849,0.0,12951.64197644,0.0
1514708850,0.0,12951.64197644,0.0
1514708851,0.0,12951.64197644,0.0
1514708852,0.0,12951.64197644,0.0
1514708853,0.0,12951.64197644,0.0
1514708854,0.58259936,12952.35431532,5.5e-05
1514708855,0.0,12952.35431532,0.0
1514708856,0.0,12952.35431532,0.0
1514708857,0.0,12952.35431532,0.0
1514708858,0.0,12952.35431532,0.0
1514708859,0.0,12952.35431532,0.0
1514708860,0.0,12952.35431532,0.0
1514708861,0.0,12952.35431532,0.0
1514708862,0.0,12952.35431532,0.0
1514708863,0.0,12952.35431532,0.0
1514708864,0.0,12952.35431532,0.0
1514708865,0.0,12952.35431532,0.0
1514708866,0.0,12952.35431532,0.0
1514708867,0.0,12952.35431532,0.0
1514708868,0.0,12952.35431532,0.0
1514708869,0.0,12952.35431532,0.0
1514708870,0.0,12952.35431532,0.0
1514708871,0.001,12954.97,0.00020195
1514708872,0.0,12954.97,0.0
1514708873,0.0,12954.97,0.0
1514708874,0.0,12954.97,0.0
1514708875,0.0,12954.97,0.0
1514708876,0.0,12954.97,0.0
1514708877,0.285,12954.99988024,2.31e-06
1514708878,0.4186,12955.0,1e-08
1514708879,0.0,12955.0,0.0
1514708880,0.0,12955.0,0.0
1514708881,0.0,12955.0,0.0
1514708882,0.0,12955.0,0.0
1514708883,0.02,12954.99,-7.7e-07
1514708884,0.0,12954.99,0.0
1514708885,0.0,12954.99,0.0
1514708886,0.00769977,12955.0,7.7e-07
1514708887,0.0,12955.0,0.0
1514708888,0.0,12955.0,0.0
1514708889,0.0,12955.0,0.0
1514708890,0.0,12955.0,0.0
1514708891,0.0,12955.0,0.0
1514708892,1.5,12954.99,-7.7e-07
1514708893,0.0,12954.99,0.0
1514708894,0.575,12955.0,7.7e-07
1514708895,0.0,12955.0,0.0
1514708896,0.0,12955.0,0.0
1514708897,0.0,12955.0,0.0
1514708898,0.0,12955.0,0.0
1514708899,0.0,12955.0,0.0
1514708900,0.0,12955.0,0.0
1514708901,0.0,12955.0,0.0
1514708902,0.0,12955.0,0.0
1514708903,0.0,12955.0,0.0
1514708904,0.0,12955.0,0.0
1514708905,0.0,12955.0,0.0
1514708906,0.0,12955.0,0.0
1514708907,0.0,12955.0,0.0
1514708908,0.0,12955.0,0.0
1514708909,0.0,12955.0,0.0
1514708910,0.0,12955.0,0.0
1514708911,0.1428,12955.0,0.0
1514708912,0.0,12955.0,0.0
1514708913,0.0,12955.0,0.0
1514708914,0.0,12955.0,0.0
1514708915,0.0,12955.0,0.0
1514708916,0.0,12955.0,0.0
1514708917,0.0,12955.0,0.0
1514708918,0.0,12955.0,0.0
1514708919,0.05673966,12955.0,0.0
1514708920,0.0,12955.0,0.0
1514708921,0.0,12955.0,0.0
1514708922,0.0,12955.0,0.0
1514708923,0.0,12955.0,0.0
1514708924,0.0,12955.0,0.0
1514708925,0.0,12955.0,0.0
1514708926,0.0,12955.0,0.0
1514708927,0.49811127,12954.99,-7.7e-07
1514708928,0.0,12954.99,0.0
1514708929,0.0,12954.99,0.0
1514708930,0.0,12954.99,0.0
1514708931,0.0,12954.99,0.0
1514708932,0.02,12955.0,7.7e-07
1514708933,0.2161,12955.0,0.0
1514708934,0.0,12955.0,0.0
1514708935,0.0010288,12954.99,-7.7e-07
1514708936,0.0,12954.99,0.0
1514708937,0.0,12954.99,0.0
1514708938,0.01,12955.0,7.7e-07
1514708939,0.0,12955.0,0.0
1514708940,0.0,12955.0,0.0
1514708941,0.0,12955.0,0.0
1514708942,0.0256436,12955.0,0.0
1514708943,0.0,12955.0,0.0
1514708944,0.0,12955.0,0.0
1514708945,0.0,12955.0,0.0
1514708946,0.139,12954.99,-7.7e-07
1514708947,0.0,12954.99,0.0
1514708948,0.07415971,12955.0,7.7e-07
1514708949,0.0,12955.0,0.0
1514708950,0.0,12955.0,0.0
1514708951,0.0,12955.0,0.0
1514708952,0.0,12955.0,0.0
1514708953,0.0,12955.0,0.0
1514708954,2.2268,12955.0,0.0
1514708955,0.0,12955.0,0.0
1514708956,0.0,12955.0,0.0
1514708957,0.0,12955.0,0.0
1514708958,0.0,12955.0,0.0
1514708959,0.0,12955.0,0.0
1514708960,0.00769977,12955.0,0.0
1514708961,0.0,12955.0,0.0
1514708962,0.25024278,12955.0,0.0
1514708963,0.15399555,12955.0,0.0
1514708964,0.0,12955.0,0.0
1514708965,0.0,12955.0,0.0
1514708966,0.02468196,12955.0,-0.0
1514708967,0.0,12955.0,0.0
1514708968,0.0,12955.0,0.0
1514708969,7.699e-05,12955.0,0.0
1514708970,0.0,12955.0,0.0
1514708971,0.0,12955.0,0.0
1514708972,0.0,12955.0,0.0
1514708973,0.0,12955.0,0.0
1514708974,0.0,12955.0,0.0
1514708975,0.0,12955.0,0.0
1514708976,0.0,12955.0,0.0
1514708977,0.1937,12955.0,0.0
1514708978,0.01000971,12955.0,0.0
1514708979,0.0,12955.0,0.0
1514708980,0.0,12955.0,0.0
1514708981,0.0,12955.0,0.0
1514708982,0.0,12955.0,0.0
1514708983,0.0,12955.0,0.0
1514708984,0.0,12955.0,0.0
1514708985,0.0,12955.0,0.0
1514708986,0.0,12955.0,0.0
1514708987,0.01572322,12954.99,-7.7e-07
1514708988,0.01561341,12954.99,0.0
1514708989,0.0,12954.99,0.0
1514708990,0.0,12954.99,0.0
1514708991,0.0,12954.99,0.0
1514708992,0.0,12954.99,0.0
1514708993,0.0,12954.99,0.0
1514708994,0.0,12954.99,0.0
1514708995,0.0,12954.99,0.0
1514708996,0.0,12954.99,0.0
1514708997,0.01,12955.0,7.7e-07
1514708998,0.57671336,12955.0,0.0
1514708999,0.0,12955.0,0.0
1514709000,0.0,12955.0,0.0
1514709001,0.0,12955.0,0.0
1514709002,0.4856,12955.0,0.0
1514709003,0.0,12955.0,0.0
1514709004,0.77169901,12955.0,0.0
1514709005,0.0,12955.0,0.0
1514709006,0.0,12955.0,0.0
1514709007,0.036,12955.0,0.0
1514709008,0.0,12955.0,0.0
1514709009,0.0,12955.0,0.0
1514709010,0.0,12955.0,0.0
1514709011,0.0,12955.0,0.0
1514709012,0.00050019,12955.0,0.0
1514709013,0.0,12955.0,0.0
1514709014,3.27304379,12955.0,0.0
1514709015,0.0,12955.0,0.0
1514709016,0.0,12955.0,0.0
1514709017,0.0,12955.0,0.0
1514709018,0.49562623,12955.0,0.0
1514709019,0.0,12955.0,0.0
1514709020,0.0,12955.0,0.0
1514709021,0.0,12955.0,0.0
1514709022,0.012,12955.0,0.0
1514709023,0.0,12955.0,0.0
1514709024,0.01,12955.0,0.0
1514709025,0.6462,12955.0,0.0
1514709026,0.0,12955.0,0.0
1514709027,0.00742534,12954.99,-7.7e-07
1514709028,0.23251756,12955.0,7.7e-07
1514709029,0.0,12955.0,0.0
1514709030,0.0,12955.0,0.0
1514709031,0.0,12955.0,0.0
1514709032,0.0,12955.0,0.0
1514709033,0.0,12955.0,0.0
1514709034,0.05735064,12955.0,0.0
1514709035,0.0,12955.0,0.0
1514709036,0.05,12955.0,-0.0
1514709037,0.0,12955.0,0.0
1514709038,0.0,12955.0,0.0
1514709039,0.36375647,12954.99,-7.7e-07
1514709040,0.0,12954.99,0.0
1514709041,0.0,12954.99,0.0
1514709042,0.0,12954.99,0.0
1514709043,0.3011,12955.0,7.7e-07
1514709044,0.0,12955.0,0.0
1514709045,0.0,12955.0,0.0
1514709046,0.0,12955.0,0.0
1514709047,0.03900522,12955.0,0.0
1514709048,0.0,12955.0,0.0
1514709049,0.0,12955.0,0.0
1514709050,0.35250596,12955.0,0.0
1514709051,1.00097113,12955.0,0.0
1514709052,0.0,12955.0,0.0
1514709053,0.00368946,12954.99,-7.7e-07
1514709054,0.0,12954.99,0.0
1514709055,0.0,12954.99,0.0
1514709056,0.0,12954.99,0.0
1514709057,0.00015399,12955.0,7.7e-07
1514709058,0.54015943,12955.0,0.0
1514709059,1.11382067,12955.0,0.0
1514709060,0.0,12955.0,0.0
1514709061,0.0,12955.0,0.0
1514709062,7.699e-05,12955.0,0.0
1514709063,0.0,12955.0,0.0
1514709064,0.0,12955.0,0.0
1514709065,0.0,12955.0,0.0
1514709066,0.01076997,12955.0,0.0
1514709067,1.30460816,12955.0,0.0
1514709068,0.0,12955.0,0.0
1514709069,0.0,12955.0,0.0
1514709070,3.0,12955.0,-0.0
1514709071,0.0,12955.0,0.0
1514709072,0.0,12955.0,0.0
1514709073,0.00387108,12955.0,0.0
1514709074,0.0,12955.0,0.0
1514709075,0.0,12955.0,0.0
1514709076,0.0,12955.0,0.0
1514709077,0.0,12955.0,0.0
1514709078,2.1621,12955.0,0.0
1514709079,0.00038498,12955.0,0.0
1514709080,0.0,12955.0,0.0
1514709081,0.0,12955.0,0.0
1514709082,0.0,12955.0,0.0
1514709083,0.0,12955.0,0.0
1514709084,0.0,12955.0,0.0
1514709085,0.02463928,12955.0,-0.0
1514709086,0.0,12955.0,0.0
1514709087,0.0,12955.0,0.0
1514709088,0.0,12955.0,0.0
1514709089,0.00839275,12955.0,0.0
1514709090,0.0,12955.0,0.0
1514709091,0.0,12955.0,0.0
1514709092,0.0,12955.0,0.0
1514709093,0.01,12955.0,0.0
1514709094,0.0,12955.0,0.0
1514709095,0.0,12955.0,0.0
1514709096,0.0,12955.0,0.0
1514709097,0.01550437,12954.99,-7.7e-07
1514709098,1.67614979,12955.19408945,1.575e-05
1514709099,0.01539609,12957.67,0.00019111
1514709100,0.0073864,12957.68,7.7e-07
1514709101,0.03802801,12958.0271737,2.679e-05
1514709102,0.54213523,12960.40870541,0.00018379
1514709103,0.0,12960.40870541,0.0
1514709104,0.99702523,12961.25,6.491e-05
1514709105,0.51,12961.25019608,2e-08
1514709106,0.0,12961.25019608,0.0
1514709107,0.0,12961.25019608,0.0
1514709108,0.0,12961.25019608,0.0
1514709109,0.01,12961.26,7.6e-07
1514709110,0.0,12961.26,0.0
1514709111,0.0,12961.26,0.0
1514709112,0.0,12961.26,0.0
1514709113,0.0,12961.26,0.0
1514709114,0.0,12961.26,0.0
1514709115,0.0,12961.26,0.0
1514709116,0.0,12961.26,0.0
1514709117,0.0,12961.26,0.0
1514709118,0.0,12961.26,0.0
1514709119,1.0208,12961.25,-7.7e-07
1514709120,0.0,12961.25,0.0
1514709121,0.04,12961.26,7.7e-07
1514709122,0.0,12961.26,0.0
1514709123,0.0,12961.26,0.0
1514709124,0.0,12961.26,0.0
1514709125,0.0,12961.26,0.0
1514709126,0.0,12961.26,0.0
1514709127,0.0,12961.26,0.0
1514709128,0.0,12961.26,0.0
1514709129,0.0,12961.26,0.0
1514709130,0.0,12961.26,0.0
1514709131,0.0,12961.26,0.0
1514709132,0.02124,12961.26,0.0
1514709133,0.0,12961.26,0.0
1514709134,0.34370776,12961.26,0.0
1514709135,0.0,12961.26,0.0
1514709136,0.0,12961.26,0.0
1514709137,0.07694916,12963.18382259,0.00014843
1514709138,0.0,12963.18382259,0.0
1514709139,0.0,12963.18382259,0.0
1514709140,0.0,12963.18382259,0.0
1514709141,0.0,12963.18382259,0.0
1514709142,1.1197,12965.11122018,0.00014868
1514709143,0.0,12965.11122018,0.0
1514709144,0.0,12965.11122018,0.0
1514709145,0.19231994,12966.75478842,0.00012677
1514709146,0.001,12968.98,0.00017161
1514709147,0.05,12968.99988,1.53e-06
1514709148,0.0,12968.99988,0.0
1514709149,0.0,12968.99988,0.0
1514709150,0.01,12969.0,1e-08
1514709151,0.0,12969.0,0.0
1514709152,0.0,12969.0,0.0
1514709153,0.01,12969.0,0.0
1514709154,0.0,12969.0,0.0
1514709155,0.0,12969.0,0.0
1514709156,0.0,12969.0,0.0
1514709157,0.0,12969.0,0.0
1514709158,0.01,12969.0,0.0
1514709159,0.0,12969.0,0.0
1514709160,0.0,12969.0,0.0
1514709161,0.1636,12969.0,0.0
1514709162,0.0,12969.0,0.0
1514709163,0.0,12969.0,0.0
1514709164,0.0,12969.0,0.0
1514709165,0.0,12969.0,0.0
1514709166,0.0031535,12969.0,0.0
1514709167,0.0,12969.0,0.0
1514709168,0.0,12969.0,0.0
1514709169,0.0,12969.0,0.0
1514709170,1.86751827,12969.0,0.0
1514709171,0.0,12969.0,0.0
1514709172,0.01,12969.91913419,7.087e-05
1514709173,0.0,12969.91913419,0.0
1514709174,0.0,12969.91913419,0.0
1514709175,0.0,12969.91913419,0.0
1514709176,0.0,12969.91913419,0.0
1514709177,0.00555742,12969.99236032,5.65e-06
1514709178,0.0,12969.99236032,0.0
1514709179,0.01794787,12969.99,-1.8e-07
1514709180,0.0,12969.99,0.0
1514709181,0.0836,12970.0,7.7e-07
1514709182,0.0,12970.0,0.0
1514709183,0.0,12970.0,0.0
1514709184,0.0,12970.0,0.0
1514709185,0.0,12970.0,0.0
1514709186,0.49562623,12969.99,-7.7e-07
1514709187,1.39850667,12970.0,7.7e-07
1514709188,0.0,12970.0,0.0
1514709189,0.0,12970.0,0.0
1514709190,0.0,12970.0,0.0
1514709191,0.0,12970.0,0.0
1514709192,0.0,12970.0,0.0
1514709193,0.0,12970.0,0.0
1514709194,0.0,12970.0,0.0
1514709195,0.0,12970.0,0.0
1514709196,0.0,12970.0,0.0
1514709197,0.0,12970.0,0.0
1514709198,0.0,12970.0,0.0
1514709199,0.10230668,12973.21785286,0.0002481
1514709200,0.0,12973.21785286,0.0
1514709201,0.0,12973.21785286,0.0
1514709202,0.0,12973.21785286,0.0
1514709203,0.57254626,12986.6325219,0.00103403
1514709204,0.0,12986.6325219,0.0
1514709205,0.0,12986.6325219,0.0
1514709206,0.02,12992.43502089,0.00044681
1514709207,0.0,12992.43502089,0.0
1514709208,0.03,12995.20322367,0.00021306
1514709209,0.00092105,12996.07,6.67e-05
1514709210,0.0,12996.07,0.0
1514709211,0.0,12996.07,0.0
1514709212,0.0,12996.07,0.0
1514709213,0.0,12996.07,0.0
1514709214,0.0,12996.07,0.0
1514709215,0.0,12996.07,0.0
1514709216,0.0,12996.07,0.0
1514709217,0.0,12996.07,0.0
1514709218,0.0,12996.07,0.0
1514709219,0.00444707,12996.17245568,7.88e-06
1514709220,0.0,12996.17245568,0.0
1514709221,0.0,12996.17245568,0.0
1514709222,0.0874,12998.44262299,0.00017468
1514709223,0.0,12998.44262299,0.0
1514709224,0.0,12998.44262299,0.0
1514709225,0.0,12998.44262299,0.0
1514709226,0.00068142,12998.99,4.211e-05
1514709227,0.0,12998.99,0.0
1514709228,0.0,12998.99,0.0
1514709229,0.0,12998.99,0.0
1514709230,0.0,12998.99,0.0
1514709231,0.0,12998.99,0.0
1514709232,0.0,12998.99,0.0
1514709233,0.0,12998.99,0.0
1514709234,0.01,12998.99,0.0
1514709235,0.2,12998.99,-0.0
1514709236,0.0,12998.99,0.0
1514709237,0.0,12998.99,0.0
1514709238,0.0,12998.99,0.0
1514709239,0.0,12998.99,0.0
1514709240,0.1731,12998.98,-7.7e-07
1514709241,0.99743026,12998.99,7.7e-07
1514709242,0.03,12998.99,0.0
1514709243,0.0080574,12998.99,0.0
1514709244,0.0,12998.99,0.0
1514709245,0.0,12998.99,0.0
1514709246,0.0,12998.99,0.0
1514709247,0.0,12998.99,0.0
1514709248,0.0,12998.99,0.0
1514709249,0.0,12998.99,0.0
1514709250,0.0,12998.99,0.0
1514709251,7.14205,12998.99,0.0
1514709252,0.0,12998.99,0.0
1514709253,0.0,12998.99,0.0
1514709254,1.8084,12998.98989825,-1e-08
1514709255,0.0,12998.98989825,0.0
1514709256,0.0,12998.98989825,0.0
1514709257,1.00119234,12998.99009988,2e-08
1514709258,0.0,12998.99009988,0.0
1514709259,0.0,12998.99009988,0.0
1514709260,6.03881572,12999.0,7.6e-07
1514709261,0.0,12999.0,0.0
1514709262,0.0,12999.0,0.0
1514709263,0.0487,12999.99872058,7.683e-05
1514709264,0.00342197,13000.0,1e-07
1514709265,0.0,13000.0,0.0
1514709266,0.04,13000.0,0.0
1514709267,0.05,13000.0,0.0
1514709268,0.0,13000.0,0.0
1514709269,0.0,13000.0,0.0
1514709270,0.0,13000.0,0.0
1514709271,0.0,13000.0,0.0
1514709272,0.0,13000.0,0.0
1514709273,0.2,13000.0,0.0
1514709274,0.0,13000.0,0.0
1514709275,0.0,13000.0,0.0
1514709276,0.0,13000.0,0.0
1514709277,0.0,13000.0,0.0
1514709278,0.0,13000.0,0.0
1514709279,0.0,13000.0,0.0
1514709280,0.1295,13000.0,0.0
1514709281,0.0,13000.0,0.0
1514709282,0.0,13000.0,0.0
1514709283,0.0,13000.0,0.0
1514709284,0.0,13000.0,0.0
1514709285,0.05851496,12999.99,-7.7e-07
1514709286,0.0,12999.99,0.0
1514709287,0.0,12999.99,0.0
1514709288,0.0,12999.99,0.0
1514709289,0.0,12999.99,0.0
1514709290,0.0,12999.99,0.0
1514709291,0.0,12999.99,0.0
1514709292,0.0,12999.99,0.0
1514709293,0.0,12999.99,0.0
1514709294,0.0,12999.99,0.0
1514709295,0.0,12999.99,0.0
1514709296,0.0,12999.99,0.0
1514709297,0.0,12999.99,0.0
1514709298,0.0245,12999.99,0.0
1514709299,0.0,12999.99,0.0
1514709300,0.0,12999.99,0.0
1514709301,0.06213655,13000.0,7.7e-07
1514709302,0.0,13000.0,0.0
1514709303,0.0,13000.0,0.0
1514709304,0.0,13000.0,0.0
1514709305,0.0,13000.0,0.0
1514709306,0.0,13000.0,0.0
1514709307,0.0,13000.0,0.0
1514709308,0.0,13000.0,0.0
1514709309,0.0,13000.0,0.0
1514709310,0.0,13000.0,0.0
1514709311,0.0,13000.0,0.0
1514709312,0.0,13000.0,0.0
1514709313,0.0,13000.0,0.0
1514709314,0.2082,12999.99,-7.7e-07
1514709315,0.0,12999.99,0.0
1514709316,0.0,12999.99,0.0
1514709317,0.0,12999.99,0.0
1514709318,0.0,12999.99,0.0
1514709319,0.0,12999.99,0.0
1514709320,0.02,13000.0,7.7e-07
1514709321,0.0,13000.0,0.0
1514709322,0.04,13000.0,0.0
1514709323,0.0,13000.0,0.0
1514709324,0.0,13000.0,0.0
1514709325,0.0,13000.0,0.0
1514709326,1.3,12997.03649924,-0.00022796
1514709327,0.0,12997.03649924,0.0
1514709328,0.0,12997.03649924,0.0
1514709329,0.0,12997.03649924,0.0
1514709330,0.233,12980.02534237,-0.00130885
1514709331,0.0,12980.02534237,0.0
1514709332,0.0,12980.02534237,0.0
1514709333,0.0,12980.02534237,0.0
1514709334,0.06544475,12987.24,0.00055583
1514709335,0.0,12987.24,0.0
1514709336,0.0,12987.24,0.0
1514709337,0.02,12995.16,0.00060983
1514709338,0.0,12995.16,0.0
1514709339,0.0,12995.16,0.0
1514709340,0.0,12995.16,0.0
1514709341,0.04085789,12994.86,-2.309e-05
1514709342,0.0,12994.86,0.0
1514709343,0.14449617,12987.23005601,-0.00058715
1514709344,0.0,12987.23005601,0.0
1514709345,0.0,12987.23005601,0.0
1514709346,0.0,12987.23005601,0.0
1514709347,0.0,12987.23005601,0.0
1514709348,0.01221079,12994.54637896,0.00056335
1514709349,0.0,12994.54637896,0.0
1514709350,0.0,12994.54637896,0.0
1514709351,0.0,12994.54637896,0.0
1514709352,0.0,12994.54637896,0.0
1514709353,0.0,12994.54637896,0.0
1514709354,0.0707,12993.98415845,-4.327e-05
1514709355,0.0,12993.98415845,0.0
1514709356,0.0,12993.98415845,0.0
1514709357,0.0,12993.98415845,0.0
1514709358,0.0,12993.98415845,0.0
1514709359,0.0,12993.98415845,0.0
1514709360,0.0,12993.98415845,0.0
1514709361,0.0,12993.98415845,0.0
1514709362,0.0,12993.98415845,0.0
1514709363,0.0,12993.98415845,0.0
1514709364,0.0,12993.98415845,0.0
1514709365,0.01816726,12993.69,-2.264e-05
1514709366,0.0,12993.69,0.0
1514709367,0.0,12993.69,0.0
1514709368,0.0,12993.69,0.0
1514709369,0.0,12993.69,0.0
1514709370,0.0,12993.69,0.0
1514709371,0.2714,12993.53,-1.231e-05
1514709372,0.0,12993.53,0.0
1514709373,0.0,12993.53,0.0
1514709374,0.0,12993.53,0.0
1514709375,0.0,12993.53,0.0
1514709376,0.0,12993.53,0.0
1514709377,0.0,12993.53,0.0
1514709378,0.0,12993.53,0.0
1514709379,0.0,12993.53,0.0
1514709380,0.0,12993.53,0.0
1514709381,0.01,12989.8,-0.00028707
1514709382,0.0,12989.8,0.0
1514709383,0.0,12989.8,0.0
1514709384,0.0,12989.8,0.0
1514709385,0.0,12989.8,0.0
1514709386,0.0,12989.8,0.0
1514709387,0.5455,12981.32612282,-0.00065235
1514709388,0.0,12981.32612282,0.0
1514709389,0.02963322,12985.75,0.00034079
1514709390,0.0,12985.75,0.0
1514709391,0.0,12985.75,0.0
1514709392,0.0,12985.75,0.0
1514709393,0.0,12985.75,0.0
1514709394,0.0,12985.75,0.0
1514709395,0.0,12985.75,0.0
1514709396,0.0,12985.75,0.0
1514709397,0.0,12985.75,0.0
1514709398,0.0,12985.75,0.0
1514709399,0.0,12985.75,0.0
1514709400,0.0,12985.75,0.0
1514709401,0.0,12985.75,0.0
1514709402,0.0,12985.75,0.0
1514709403,0.0,12985.75,0.0
1514709404,0.0,12985.75,0.0
1514709405,0.0,12985.75,0.0
1514709406,0.0,12985.75,0.0
1514709407,0.0,12985.75,0.0
1514709408,0.0,12985.75,0.0
1514709409,0.0,12985.75,0.0
1514709410,1.3859,12992.32746055,0.00050651
1514709411,0.0,12992.32746055,0.0
1514709412,0.0,12992.32746055,0.0
1514709413,0.0,12992.32746055,0.0
1514709414,0.0,12992.32746055,0.0
1514709415,0.07677288,12992.95,4.792e-05
1514709416,0.0,12992.95,0.0
1514709417,0.0,12992.95,0.0
1514709418,0.0,12992.95,0.0
1514709419,0.0,12992.95,0.0
1514709420,0.0,12992.95,0.0
1514709421,0.0,12992.95,0.0
1514709422,0.0,12992.95,0.0
1514709423,0.0,12992.95,0.0
1514709424,0.0,12992.95,0.0
1514709425,0.0,12992.95,0.0
1514709426,0.2391,12992.8,-1.154e-05
1514709427,0.0,12992.8,0.0
1514709428,0.0,12992.8,0.0
1514709429,0.2,12989.23,-0.00027477
1514709430,0.0,12989.23,0.0
1514709431,0.0,12989.23,0.0
1514709432,0.0,12989.23,0.0
1514709433,0.0,12989.23,0.0
1514709434,0.0,12989.23,0.0
1514709435,0.0,12989.23,0.0
1514709436,0.0,12989.23,0.0
1514709437,0.05112934,12992.50455106,0.0002521
1514709438,0.0,12992.50455106,0.0
1514709439,0.0,12992.50455106,0.0
1514709440,0.0,12992.50455106,0.0
1514709441,0.0,12992.50455106,0.0
1514709442,0.0,12992.50455106,0.0
1514709443,0.0,12992.50455106,0.0
1514709444,0.0,12992.50455106,0.0
1514709445,0.0,12992.50455106,0.0
1514709446,0.0,12992.50455106,0.0
1514709447,0.0,12992.50455106,0.0
1514709448,0.0,12992.50455106,0.0
1514709449,0.1354,12992.41,-7.28e-06
1514709450,0.0,12992.41,0.0
1514709451,0.0,12992.41,0.0
1514709452,0.0,12992.41,0.0
1514709453,0.0,12992.41,0.0
1514709454,0.0,12992.41,0.0
1514709455,0.0,12992.41,0.0
1514709456,0.0,12992.41,0.0
1514709457,0.0,12992.41,0.0
1514709458,0.0,12992.41,0.0
1514709459,0.0,12992.41,0.0
1514709460,0.0,12992.41,0.0
1514709461,0.0,12992.41,0.0
1514709462,0.0,12992.41,0.0
1514709463,0.0,12992.41,0.0
1514709464,0.1463,12992.3,-8.47e-06
1514709465,0.0,12992.3,0.0
1514709466,0.0,12992.3,0.0
1514709467,0.0,12992.3,0.0
1514709468,0.0,12992.3,0.0
1514709469,0.0,12992.3,0.0
1514709470,0.0,12992.3,0.0
1514709471,0.0,12992.3,0.0
1514709472,0.0,12992.3,0.0
1514709473,0.0,12992.3,0.0
1514709474,0.0,12992.3,0.0
1514709475,0.0,12992.3,0.0
1514709476,0.0,12992.3,0.0
1514709477,0.0,12992.3,0.0
1514709478,0.0,12992.3,0.0
1514709479,0.0,12992.3,0.0
1514709480,0.0,12992.3,0.0
1514709481,0.0,12992.3,0.0
1514709482,0.0,12992.3,0.0
1514709483,0.0,12992.3,0.0
1514709484,0.0,12992.3,0.0
1514709485,0.1037,12984.32738476,-0.00061364
1514709486,0.0,12984.32738476,0.0
1514709487,0.02304498,12983.01,-0.00010146
1514709488,0.06801579,12983.01,0.0
1514709489,0.0,12983.01,0.0
1514709490,0.0,12983.01,0.0
1514709491,0.0,12983.01,0.0
1514709492,0.0,12983.01,0.0
1514709493,0.0,12983.01,0.0
1514709494,1.02459921,12983.0,-7.7e-07
1514709495,0.0,12983.0,0.0
1514709496,0.0,12983.0,0.0
1514709497,0.0,12983.0,0.0
1514709498,0.0,12983.0,0.0
1514709499,0.01,12983.01,7.7e-07
1514709500,0.01,12983.01,0.0
1514709501,0.0,12983.01,0.0
1514709502,0.0,12983.01,0.0
1514709503,0.0,12983.01,0.0
1514709504,0.0976,12980.01,-0.00023107
1514709505,0.0,12980.01,0.0
1514709506,0.0,12980.01,0.0
1514709507,0.0,12980.01,0.0
1514709508,0.0,12980.01,0.0
1514709509,0.0,12980.01,0.0
1514709510,0.0,12980.01,0.0
1514709511,0.0,12980.01,0.0
1514709512,0.02,12980.01,0.0
1514709513,0.07997262,12980.01,-0.0
1514709514,0.0,12980.01,0.0
1514709515,0.0,12980.01,0.0
1514709516,0.0,12980.01,0.0
1514709517,0.0,12980.01,0.0
1514709518,0.0,12980.01,0.0
1514709519,0.0,12980.01,0.0
1514709520,0.0,12980.01,0.0
1514709521,0.02,12980.01,0.0
1514709522,0.01,12980.01,0.0
1514709523,0.1009678,12980.01,-0.0
1514709524,0.0,12980.01,0.0
1514709525,1.1629,12971.24000887,-0.00067565
1514709526,0.0,12971.24000887,0.0
1514709527,0.0,12971.24000887,0.0
1514709528,0.0,12971.24000887,0.0
1514709529,0.0,12971.24000887,0.0
1514709530,0.0,12971.24000887,0.0
1514709531,0.0,12971.24000887,0.0
1514709532,0.0,12971.24000887,0.0
1514709533,0.0,12971.24000887,0.0
1514709534,0.0,12971.24000887,0.0
1514709535,0.0,12971.24000887,0.0
1514709536,0.08431707,12966.29912397,-0.00038091
1514709537,0.0,12966.29912397,0.0
1514709538,0.0,12966.29912397,0.0
1514709539,0.000771,12966.29,-7e-07
1514709540,0.0,12966.29,0.0
1514709541,0.04566069,12966.29,0.0
1514709542,0.0,12966.29,0.0
1514709543,0.0,12966.29,0.0
1514709544,0.0,12966.29,0.0
1514709545,0.0,12966.29,0.0
1514709546,0.0,12966.29,0.0
1514709547,0.00096624,12966.3,7.7e-07
1514709548,0.0626,12966.3,0.0
1514709549,0.0,12966.3,0.0
1514709550,0.0,12966.3,0.0
1514709551,0.0,12966.3,0.0
1514709552,0.0,12966.3,0.0
1514709553,0.0,12966.3,0.0
1514709554,0.0,12966.3,0.0
1514709555,0.0,12966.3,0.0
1514709556,0.0,12966.3,0.0
1514709557,0.0,12966.3,0.0
1514709558,0.0,12966.3,0.0
1514709559,0.0,12966.3,0.0
1514709560,0.0,12966.3,0.0
1514709561,0.0,12966.3,0.0
1514709562,0.0,12966.3,0.0
1514709563,0.0,12966.3,0.0
1514709564,0.0,12966.3,0.0
1514709565,0.0,12966.3,0.0
1514709566,0.0,12966.3,0.0
1514709567,0.00038465,12966.3,-0.0
1514709568,0.0,12966.3,0.0
1514709569,0.0,12966.3,0.0
1514709570,1.0688,12966.3,0.0
1514709571,0.0,12966.3,0.0
1514709572,0.0,12966.3,0.0
1514709573,0.0,12966.3,0.0
1514709574,0.0,12966.3,0.0
1514709575,0.0,12966.3,0.0
1514709576,0.0,12966.3,0.0
1514709577,0.0,12966.3,0.0
1514709578,0.0,12966.3,0.0
1514709579,0.0,12966.3,0.0
1514709580,0.0,12966.3,0.0
1514709581,0.0,12966.3,0.0
1514709582,0.01,12966.3,-0.0
1514709583,0.0,12966.3,0.0
1514709584,0.0,12966.3,0.0
1514709585,0.0,12966.3,0.0
1514709586,0.4292,12966.17554028,-9.6e-06
1514709587,0.0,12966.17554028,0.0
1514709588,0.0,12966.17554028,0.0
1514709589,0.0,12966.17554028,0.0
1514709590,0.00038465,12964.58,-0.00012305
1514709591,0.0,12964.58,0.0
1514709592,0.0,12964.58,0.0
1514709593,0.0,12964.58,0.0
1514709594,0.0,12964.58,0.0
1514709595,0.0,12964.58,0.0
1514709596,0.0,12964.58,0.0
1514709597,0.01,12966.1333737,0.00011982
1514709598,0.0,12966.1333737,0.0
1514709599,0.0,12966.1333737,0.0
1514709600,0.0,12966.1333737,0.0
1514709601,0.0,12966.1333737,0.0
1514709602,0.0,12966.1333737,0.0
1514709603,0.0,12966.1333737,0.0
1514709604,0.0,12966.1333737,0.0
1514709605,0.0,12966.1333737,0.0
1514709606,0.0,12966.1333737,0.0
1514709607,0.0,12966.1333737,0.0
1514709608,0.0,12966.1333737,0.0
1514709609,0.0,12966.1333737,0.0
1514709610,0.4348,12964.59,-0.00011903
1514709611,0.0,12964.59,0.0
1514709612,0.07694082,12964.59,0.0
1514709613,0.0,12964.59,0.0
1514709614,0.0,12964.59,0.0
1514709615,0.0,12964.59,0.0
1514709616,0.0,12964.59,0.0
1514709617,0.00366776,12964.59,0.0
1514709618,0.0,12964.59,0.0
1514709619,0.0,12964.59,0.0
1514709620,0.0,12964.59,0.0
1514709621,0.0,12964.59,0.0
1514709622,0.0,12964.59,0.0
1514709623,0.0,12964.59,0.0
1514709624,0.0,12964.59,0.0
1514709625,0.0,12964.59,0.0
1514709626,0.1563,12964.59,0.0
1514709627,0.0,12964.59,0.0
1514709628,0.01538788,12964.82600661,1.82e-05
1514709629,0.0,12964.82600661,0.0
1514709630,0.02,12965.05940228,1.8e-05
1514709631,0.0,12965.05940228,0.0
1514709632,0.0,12965.05940228,0.0
1514709633,0.0,12965.05940228,0.0
1514709634,0.0,12965.05940228,0.0
1514709635,0.05751443,12964.58,-3.698e-05
1514709636,0.0,12964.58,0.0
1514709637,0.0,12964.58,0.0
1514709638,0.0,12964.58,0.0
1514709639,0.0,12964.58,0.0
1514709640,0.0,12964.58,0.0
1514709641,0.0,12964.58,0.0
1514709642,0.0,12964.58,0.0
1514709643,0.0,12964.58,0.0
1514709644,0.0,12964.58,0.0
1514709645,0.0,12964.58,0.0
1514709646,0.17,12964.7088931,9.94e-06
1514709647,0.0,12964.7088931,0.0
1514709648,0.0,12964.7088931,0.0
1514709649,0.0,12964.7088931,0.0
1514709650,0.0,12964.7088931,0.0
1514709651,0.15338243,12965.81432913,8.527e-05
1514709652,0.0,12965.81432913,0.0
1514709653,0.00384703,12964.6,-9.366e-05
1514709654,0.0,12964.6,0.0
1514709655,0.0,12964.6,0.0
1514709656,0.0,12964.6,0.0
1514709657,0.0,12964.6,0.0
1514709658,0.00024082,12964.6,0.0
1514709659,0.01,12964.6,0.0
1514709660,0.0,12964.6,0.0
1514709661,0.0,12964.6,0.0
1514709662,7.694e-05,12964.6,-0.0
1514709663,0.0,12964.6,0.0
1514709664,1.3023,12964.6,-0.0
1514709665,0.0,12964.6,0.0
1514709666,0.0,12964.6,0.0
1514709667,0.04707713,12964.59,-7.7e-07
1514709668,0.0,12964.59,0.0
1514709669,2.10679451,12964.58571872,-3.3e-07
1514709670,1.0,12963.5,-8.374e-05
1514709671,0.0,12963.5,0.0
1514709672,0.015,12961.80028592,-0.00013112
1514709673,0.16454492,12956.60222212,-0.00040103
1514709674,0.0,12956.60222212,0.0
1514709675,0.0,12956.60222212,0.0
1514709676,0.0,12956.60222212,0.0
1514709677,0.0,12956.60222212,0.0
1514709678,0.0,12956.60222212,0.0
1514709679,0.0,12956.60222212,0.0
1514709680,0.0,12956.60222212,0.0
1514709681,0.0,12956.60222212,0.0
1514709682,0.00819563,12955.01,-0.00012289
1514709683,0.0,12955.01,0.0
1514709684,0.0,12955.01,0.0
1514709685,0.0,12955.01,0.0
1514709686,0.0,12955.01,0.0
1514709687,0.2821,12958.16685231,0.00024368
1514709688,0.0,12958.16685231,0.0
1514709689,0.01495055,12955.0,-0.00024439
1514709690,0.0,12955.0,0.0
1514709691,0.0,12955.0,0.0
1514709692,0.0,12955.0,0.0
1514709693,0.0,12955.0,0.0
1514709694,0.0,12955.0,0.0
1514709695,0.0,12955.0,0.0
1514709696,0.0,12955.0,0.0
1514709697,0.0,12955.0,0.0
1514709698,0.0,12955.0,0.0
1514709699,0.0,12955.0,0.0
1514709700,0.0,12955.0,0.0
1514709701,0.0,12955.0,0.0
1514709702,0.0,12955.0,0.0
1514709703,0.0,12955.0,0.0
1514709704,0.1268,12960.90592727,0.00045588
1514709705,0.0,12960.90592727,0.0
1514709706,0.0,12960.90592727,0.0
1514709707,0.0,12960.90592727,0.0
1514709708,0.0,12960.90592727,0.0
1514709709,0.0,12960.90592727,0.0
1514709710,0.0,12960.90592727,0.0
1514709711,0.01,12964.48,0.00027576
1514709712,0.0,12964.48,0.0
1514709713,0.0,12964.48,0.0
1514709714,0.0,12964.48,0.0
1514709715,0.0,12964.48,0.0
1514709716,0.0,12964.48,0.0
1514709717,0.0,12964.48,0.0
1514709718,0.0,12964.48,0.0
1514709719,0.0,12964.48,0.0
1514709720,0.25024278,12964.48,0.0
1514709721,0.0,12964.48,0.0
1514709722,7.694e-05,12964.49,7.7e-07
1514709723,0.0,12964.49,0.0
1514709724,0.1071,12964.49,0.0
1514709725,0.0,12964.49,0.0
1514709726,0.0,12964.49,0.0
1514709727,0.0,12964.49,0.0
1514709728,0.0,12964.49,0.0
1514709729,0.0,12964.49,0.0
1514709730,0.0,12964.49,0.0
1514709731,0.0,12964.49,0.0
1514709732,0.0,12964.49,0.0
1514709733,0.0,12964.49,0.0
1514709734,0.0,12964.49,0.0
1514709735,0.0,12964.49,0.0
1514709736,0.0,12964.49,0.0
1514709737,0.0,12964.49,0.0
1514709738,0.0,12964.49,0.0
1514709739,0.0,12964.49,0.0
1514709740,0.0,12964.49,0.0
1514709741,0.0,12964.49,0.0
1514709742,0.0,12964.49,0.0
1514709743,0.0,12964.49,0.0
1514709744,0.0,12964.49,0.0
1514709745,0.1627,12964.49,0.0
1514709746,0.02393922,12964.49,-0.0
1514709747,0.0,12964.49,0.0
1514709748,0.0,12964.49,0.0
1514709749,0.0,12964.49,0.0
1514709750,0.0,12964.49,0.0
1514709751,0.0,12964.49,0.0
1514709752,0.0,12964.49,0.0
1514709753,0.0,12964.49,0.0
1514709754,0.0,12964.49,0.0
1514709755,0.0,12964.49,0.0
1514709756,0.0,12964.49,0.0
1514709757,0.0,12964.49,0.0
1514709758,0.0,12964.49,0.0
1514709759,0.0,12964.49,0.0
1514709760,0.0,12964.49,0.0
1514709761,0.0,12964.49,0.0
1514709762,0.0,12964.49,0.0
1514709763,0.0,12964.49,0.0
1514709764,0.0,12964.49,0.0
1514709765,0.0,12964.49,0.0
1514709766,0.0,12964.49,0.0
1514709767,0.0,12964.49,0.0
1514709768,0.0,12964.49,0.0
1514709769,0.8189,12964.49,0.0
1514709770,0.0,12964.49,0.0
1514709771,0.0,12964.49,0.0
1514709772,0.00869002,12956.47965145,-0.00061787
1514709773,0.0,12956.47965145,0.0
1514709774,0.0,12956.47965145,0.0
1514709775,0.0,12956.47965145,0.0
1514709776,0.0,12956.47965145,0.0
1514709777,0.0,12956.47965145,0.0
1514709778,0.2,12955.47075006,-7.787e-05
1514709779,0.0,12955.47075006,0.0
1514709780,0.0,12955.47075006,0.0
1514709781,0.07699772,12955.01,-3.556e-05
1514709782,0.0,12955.01,0.0
1514709783,0.0,12955.01,0.0
1514709784,0.0,12955.01,0.0
1514709785,0.00769977,12955.01,0.0
1514709786,0.0,12955.01,0.0
1514709787,0.3,12955.0,-7.7e-07
1514709788,0.033,12954.99,-7.7e-07
1514709789,0.0,12954.99,0.0
1514709790,0.0,12954.99,0.0
1514709791,0.0427,12955.0,7.7e-07
1514709792,0.0,12955.0,0.0
1514709793,0.0,12955.0,0.0
1514709794,0.0,12955.0,0.0
1514709795,0.0,12955.0,0.0
1514709796,0.0,12955.0,0.0
1514709797,0.9997,12951.55389181,-0.00026601
1514709798,0.0,12951.55389181,0.0
1514709799,0.0,12951.55389181,0.0
1514709800,0.0,12951.55389181,0.0
1514709801,0.0,12951.55389181,0.0
1514709802,0.0,12951.55389181,0.0
1514709803,0.011,12950.0,-0.00011998
1514709804,0.0,12950.0,0.0
1514709805,0.0,12950.0,0.0
1514709806,0.0,12950.0,0.0
1514709807,0.0,12950.0,0.0
1514709808,0.0,12950.0,0.0
1514709809,0.0001,12950.0,0.0
1514709810,0.0,12950.0,0.0
1514709811,0.0,12950.0,0.0
1514709812,0.0,12950.0,0.0
1514709813,0.0488,12947.57565885,-0.00018721
1514709814,0.0,12947.57565885,0.0
1514709815,0.0,12947.57565885,0.0
1514709816,0.0,12947.57565885,0.0
1514709817,0.0,12947.57565885,0.0
1514709818,0.0,12947.57565885,0.0
1514709819,0.0,12947.57565885,0.0
1514709820,9.94e-05,12944.45,-0.00024141
1514709821,0.021,12944.44,-7.7e-07
1514709822,0.0,12944.44,0.0
1514709823,0.0,12944.44,0.0
1514709824,0.0,12944.44,0.0
1514709825,0.0,12944.44,0.0
1514709826,0.0,12944.44,0.0
1514709827,0.04170284,12944.45,7.7e-07
1514709828,0.0,12944.45,0.0
1514709829,0.0,12944.45,0.0
1514709830,0.0,12944.45,0.0
1514709831,0.0,12944.45,0.0
1514709832,0.0,12944.45,0.0
1514709833,0.0,12944.45,0.0
1514709834,1.18708855,12940.00064097,-0.00034373
1514709835,0.118,12940.0,-5e-08
1514709836,0.015,12939.43509893,-4.366e-05
1514709837,1.0493,12939.4,-2.71e-06
1514709838,0.047,12939.39,-7.7e-07
1514709839,0.81297059,12933.95975519,-0.00041967
1514709840,0.01,12935.01,8.12e-05
1514709841,0.0,12935.01,0.0
1514709842,0.0,12935.01,0.0
1514709843,0.00134782,12934.62548575,-2.973e-05
1514709844,0.05,12926.0,-0.00066685
1514709845,0.0,12926.0,0.0
1514709846,0.05675591,12926.01,7.7e-07
1514709847,0.0,12926.01,0.0
1514709848,0.45,12926.0,-7.7e-07
1514709849,0.0,12926.0,0.0
1514709850,0.0,12926.0,0.0
1514709851,0.0,12926.0,0.0
1514709852,0.0,12926.0,0.0
1514709853,0.0,12926.0,0.0
1514709854,0.39779421,12926.00019594,2e-08
1514709855,0.0,12926.00019594,0.0
1514709856,0.0,12926.00019594,0.0
1514709857,0.0,12926.00019594,0.0
1514709858,0.3074,12926.01,7.6e-07
1514709859,0.3,12926.0,-7.7e-07
1514709860,0.0,12926.0,0.0
1514709861,0.0,12926.0,0.0
1514709862,0.01,12926.0,-0.0
1514709863,0.0,12926.0,0.0
1514709864,0.0,12926.0,0.0
1514709865,0.0,12926.0,0.0
1514709866,15.65130648,12895.6155187,-0.00235065
1514709867,0.04207876,12919.58084316,0.00185841
1514709868,0.0225,12922.77,0.00024685
1514709869,0.03844048,12922.78,7.7e-07
1514709870,0.5,12922.77,-7.7e-07
1514709871,0.02,12922.78,7.7e-07
1514709872,0.0,12922.78,0.0
1514709873,0.0,12922.78,0.0
1514709874,0.0,12922.78,0.0
1514709875,0.0,12922.78,0.0
1514709876,0.0,12922.78,0.0
1514709877,0.30033836,12910.68796539,-0.00093571
1514709878,0.0,12910.68796539,0.0
1514709879,0.0,12910.68796539,0.0
1514709880,0.000771,12910.0,-5.329e-05
1514709881,0.0,12910.0,0.0
1514709882,0.0,12910.0,0.0
1514709883,0.01197395,12910.0,0.0
1514709884,0.0,12910.0,0.0
1514709885,0.0,12910.0,0.0
1514709886,0.0,12910.0,0.0
1514709887,0.19398327,12910.01,7.7e-07
1514709888,0.0,12910.01,0.0
1514709889,0.08,12910.01,-0.0
1514709890,0.0,12910.01,0.0
1514709891,0.0,12910.01,0.0
1514709892,0.0,12910.01,0.0
1514709893,0.0,12910.01,0.0
1514709894,0.8297,12910.00457635,-4.2e-07
1514709895,0.01,12910.01,4.2e-07
1514709896,0.0,12910.01,0.0
1514709897,0.0,12910.01,0.0
1514709898,0.0,12910.01,0.0
1514709899,0.0,12910.01,0.0
1514709900,0.0,12910.01,0.0
1514709901,0.00194766,12910.01,0.0
1514709902,0.04929571,12910.01,0.0
1514709903,0.0,12910.01,0.0
1514709904,0.06158798,12910.01,0.0
1514709905,0.0,12910.01,0.0
1514709906,0.0,12910.01,0.0
1514709907,0.28065291,12910.01,0.0
1514709908,0.0,12910.01,0.0
1514709909,0.0,12910.01,0.0
1514709910,0.0,12910.01,0.0
1514709911,0.0,12910.01,0.0
1514709912,0.70048282,12910.01,0.0
1514709913,0.0,12910.01,0.0
1514709914,0.0,12910.01,0.0
1514709915,0.9088,12910.01,0.0
1514709916,0.1916,12910.01,-0.0
1514709917,0.0,12910.01,0.0
1514709918,0.0,12910.01,0.0
1514709919,0.302,12910.01,0.0
1514709920,0.12665949,12918.0845509,0.00062545
1514709921,0.0,12918.0845509,0.0
1514709922,0.0,12918.0845509,0.0
1514709923,0.0,12918.0845509,0.0
1514709924,0.0,12918.0845509,0.0
1514709925,0.02237379,12924.28266676,0.0004798
1514709926,0.0,12924.28266676,0.0
1514709927,0.0,12924.28266676,0.0
1514709928,0.0,12924.28266676,0.0
1514709929,0.0,12924.28266676,0.0
1514709930,0.5,12922.98,-0.00010079
1514709931,0.3592614,12923.0792881,7.68e-06
1514709932,0.02,12924.97,0.00014631
1514709933,0.0,12924.97,0.0
1514709934,0.0,12924.97,0.0
1514709935,0.0,12924.97,0.0
1514709936,0.0,12924.97,0.0
1514709937,0.0,12924.97,0.0
1514709938,0.3925,12939.01044757,0.0010863
1514709939,0.034588,12929.59,-0.00072807
1514709940,0.0,12929.59,0.0
1514709941,0.0,12929.59,0.0
1514709942,0.0,12929.59,0.0
1514709943,0.0,12929.59,0.0
1514709944,0.21963999,12943.42,0.00106964
1514709945,0.0,12943.42,0.0
1514709946,0.0,12943.42,0.0
1514709947,0.07717421,12944.76882801,0.00010421
1514709948,0.0,12944.76882801,0.0
1514709949,0.0,12944.76882801,0.0
1514709950,0.0,12944.76882801,0.0
1514709951,0.0,12944.76882801,0.0
1514709952,0.15409476,12946.66,0.0001461
1514709953,0.0,12946.66,0.0
1514709954,0.0,12946.66,0.0
1514709955,0.0,12946.66,0.0
1514709956,0.0,12946.66,0.0
1514709957,0.0,12946.66,0.0
1514709958,0.0,12946.66,0.0
1514709959,0.0,12946.66,0.0
1514709960,0.051,12949.0,0.00018074
1514709961,0.293,12949.99724969,7.701e-05
1514709962,0.6044,12962.17970341,0.00094073
1514709963,0.0017,12955.0,-0.0005539
1514709964,0.02372476,12974.95671542,0.00154046
1514709965,0.06654183,12979.0,0.00031162
1514709966,0.0,12979.0,0.0
1514709967,0.0,12979.0,0.0
1514709968,0.0,12979.0,0.0
1514709969,0.0,12979.0,0.0
1514709970,0.01,12979.0,-0.0
1514709971,0.0,12979.0,0.0
1514709972,0.0,12979.0,0.0
1514709973,0.0,12979.0,0.0
1514709974,0.01040705,12979.0,0.0
1514709975,0.0,12979.0,0.0
1514709976,0.0,12979.0,0.0
1514709977,0.0,12979.0,0.0
1514709978,1.81324294,12979.0,-0.0
1514709979,0.0,12979.0,0.0
1514709980,0.0,12979.0,0.0
1514709981,0.0,12979.0,0.0
1514709982,0.0,12979.0,0.0
1514709983,0.0,12979.0,0.0
1514709984,0.0,12979.0,0.0
1514709985,0.59,12985.54907603,0.00050459
1514709986,0.0,12985.54907603,0.0
1514709987,0.05559051,12989.68942341,0.00031884
1514709988,0.2,12993.3268438,0.00028002
1514709989,0.0,12993.3268438,0.0
1514709990,0.0,12993.3268438,0.0
1514709991,0.0,12993.3268438,0.0
1514709992,0.02,12990.4,-0.00022526
1514709993,0.0,12990.4,0.0
1514709994,0.0,12990.4,0.0
1514709995,0.0,12990.4,0.0
1514709996,0.0,12990.4,0.0
1514709997,0.0,12990.4,0.0
1514709998,0.048,12990.39,-7.7e-07
1514709999,0.0,12990.39,0.0
1514710000,0.0,12990.39,0.0
1514710001,0.0,12990.39,0.0
1514710002,0.0,12990.39,0.0
1514710003,0.0232,12990.39,0.0
1514710004,0.0,12990.39,0.0
1514710005,0.005,12990.39,0.0
1514710006,0.08373342,12990.4,7.7e-07
1514710007,0.0,12990.4,0.0
1514710008,2.55167,12990.4,-0.0
1514710009,0.0,12990.4,0.0
1514710010,0.0,12990.4,0.0
1514710011,0.0,12990.4,0.0
1514710012,0.0,12990.4,0.0
1514710013,0.0,12990.4,0.0
1514710014,0.0,12990.4,0.0
1514710015,0.0,12990.4,0.0
1514710016,0.02,12990.39,-7.7e-07
1514710017,0.0,12990.39,0.0
1514710018,0.1000299,12993.62088994,0.00024871
1514710019,0.0,12993.62088994,0.0
1514710020,0.0,12993.62088994,0.0
1514710021,0.0,12993.62088994,0.0
1514710022,0.0,12993.62088994,0.0
1514710023,0.0,12993.62088994,0.0
1514710024,0.0,12993.62088994,0.0
1514710025,0.331,12993.99284022,2.863e-05
1514710026,0.0,12993.99284022,0.0
1514710027,0.0,12993.99284022,0.0
1514710028,0.0,12993.99284022,0.0
1514710029,0.0,12993.99284022,0.0
1514710030,0.51955751,12994.0,5.5e-07
1514710031,0.0,12994.0,0.0
1514710032,0.0,12994.0,0.0
1514710033,0.10728756,12994.0,0.0
1514710034,0.03,12994.0,-0.0
1514710035,0.0,12994.0,0.0
1514710036,0.0176417,12994.0,0.0
1514710037,0.0,12994.0,0.0
1514710038,0.00153533,12994.0,0.0
1514710039,0.0,12994.0,0.0
1514710040,0.0,12994.0,0.0
1514710041,0.0,12994.0,0.0
1514710042,0.0,12994.0,0.0
1514710043,0.0,12994.0,0.0
1514710044,0.3292,12994.0,-0.0
1514710045,0.01,12994.0,0.0
1514710046,0.0,12994.0,0.0
1514710047,0.0,12994.0,0.0
1514710048,0.5,12993.99,-7.7e-07
1514710049,0.15,12994.0,7.7e-07
1514710050,0.0,12994.0,0.0
1514710051,0.19,12993.99,-7.7e-07
1514710052,0.01889304,12994.0,7.7e-07
1514710053,0.0,12994.0,0.0
1514710054,0.0,12994.0,0.0
1514710055,0.0,12994.0,0.0
1514710056,0.0,12994.0,0.0
1514710057,0.04761042,12994.0,-0.0
1514710058,0.03213384,12994.0,0.0
1514710059,0.0,12994.0,0.0
1514710060,0.0,12994.0,0.0
1514710061,0.0,12994.0,0.0
1514710062,0.13580074,12993.99,-7.7e-07
1514710063,0.466,12994.0,7.7e-07
1514710064,0.0,12994.0,0.0
1514710065,0.11407168,12993.99,-7.7e-07
1514710066,0.0,12993.99,0.0
1514710067,0.0,12993.99,0.0
1514710068,0.90247729,12994.0,7.7e-07
1514710069,0.24217243,12994.0,0.0
1514710070,1.00464231,12994.0,-0.0
1514710071,0.58749987,12994.0,0.0
1514710072,0.0,12994.0,0.0
1514710073,0.0,12994.0,0.0
1514710074,0.02,12995.0,7.696e-05
1514710075,0.0,12995.0,0.0
1514710076,0.24545451,12995.63911659,4.918e-05
1514710077,0.03357566,12995.72,6.22e-06
1514710078,0.0,12995.72,0.0
1514710079,0.0,12995.72,0.0
1514710080,0.16987122,12995.71411319,-4.5e-07
1514710081,0.11272115,12995.72,4.5e-07
1514710082,0.11275184,12995.72,0.0
1514710083,0.11278254,12995.72,0.0
1514710084,0.11281325,12995.72,0.0
1514710085,0.01627872,12995.72,0.0
1514710086,0.03104321,12996.66779749,7.293e-05
1514710087,0.00209421,12996.99,2.479e-05
1514710088,0.10240935,12999.77928362,0.00021461
1514710089,0.41511605,13000.0,1.698e-05
1514710090,0.0,13000.0,0.0
1514710091,0.01980596,13000.0,0.0
1514710092,0.0,13000.0,0.0
1514710093,0.12183658,13000.0,0.0
1514710094,0.06372182,13000.0,0.0
1514710095,0.88016579,13000.0,0.0
1514710096,0.16286564,13000.0,-0.0
1514710097,0.0,13000.0,0.0
1514710098,0.0,13000.0,0.0
1514710099,11.59796,13000.0,0.0
1514710100,0.0,13000.0,0.0
1514710101,0.0,13000.0,0.0
1514710102,0.0,13000.0,0.0
1514710103,0.0,13000.0,0.0
1514710104,0.0792,13000.00999967,7.7e-07
1514710105,0.0,13000.00999967,0.0
1514710106,0.0,13000.00999967,0.0
1514710107,0.1,13000.80933162,6.149e-05
1514710108,0.0,13000.80933162,0.0
1514710109,0.0,13000.80933162,0.0
1514710110,0.0,13000.80933162,0.0
1514710111,0.0,13000.80933162,0.0
1514710112,0.0,13000.80933162,0.0
1514710113,0.0,13000.80933162,0.0
1514710114,0.0,13000.80933162,0.0
1514710115,0.0,13000.80933162,0.0
1514710116,0.0,13000.80933162,0.0
1514710117,0.0,13000.80933162,0.0
1514710118,0.76811381,13005.01,0.00032311
1514710119,1.60110394,13030.02107687,0.00192319
1514710120,0.0777,13032.82,0.00021481
1514710121,0.0,13032.82,0.0
1514710122,0.0,13032.82,0.0
1514710123,0.0,13032.82,0.0
1514710124,0.0,13032.82,0.0
1514710125,0.0,13032.82,0.0
1514710126,0.0,13032.82,0.0
1514710127,0.0,13032.82,0.0
1514710128,0.03,13039.99,0.00055015
1514710129,0.0,13039.99,0.0
1514710130,0.0,13039.99,0.0
1514710131,0.0,13039.99,0.0
1514710132,0.0,13039.99,0.0
1514710133,0.03824796,13039.99,-0.0
1514710134,0.0,13039.99,0.0
1514710135,0.0,13039.99,0.0
1514710136,0.0,13039.99,0.0
1514710137,0.05737194,13039.99253084,1.9e-07
1514710138,0.0,13039.99253084,0.0
1514710139,0.0,13039.99253084,0.0
1514710140,0.1014,13040.01768558,1.93e-06
1514710141,0.0,13040.01768558,0.0
1514710142,0.0,13040.01768558,0.0
1514710143,0.0,13040.01768558,0.0
1514710144,0.0,13040.01768558,0.0
1514710145,0.0,13040.01768558,0.0
1514710146,0.0,13040.01768558,0.0
1514710147,0.0,13040.01768558,0.0
1514710148,0.0,13040.01768558,0.0
1514710149,0.0,13040.01768558,0.0
1514710150,0.0,13040.01768558,0.0
1514710151,0.01143342,13041.08,8.147e-05
1514710152,0.0,13041.08,0.0
1514710153,0.0,13041.08,0.0
1514710154,0.0,13041.08,0.0
1514710155,0.03,13044.52047635,0.00026382
1514710156,0.0,13044.52047635,0.0
1514710157,0.0,13044.52047635,0.0
1514710158,0.00361151,13045.0,3.676e-05
1514710159,0.0,13045.0,0.0
1514710160,0.0,13045.0,0.0
1514710161,0.0,13045.0,0.0
1514710162,0.0,13045.0,0.0
1514710163,0.0,13045.0,0.0
1514710164,0.3669,13049.3839491,0.00033606
1514710165,0.0,13049.3839491,0.0
1514710166,0.0,13049.3839491,0.0
1514710167,0.0,13049.3839491,0.0
1514710168,0.0,13049.3839491,0.0
1514710169,0.0,13049.3839491,0.0
1514710170,0.0,13049.3839491,0.0
1514710171,0.0,13049.3839491,0.0
1514710172,0.0,13049.3839491,0.0
1514710173,0.0,13049.3839491,0.0
1514710174,0.0,13049.3839491,0.0
1514710175,0.0004,13049.99,4.644e-05
1514710176,0.0,13049.99,0.0
1514710177,0.0,13049.99,0.0
1514710178,0.0,13049.99,0.0
1514710179,0.0275,13050.0,7.7e-07
1514710180,0.0,13050.0,0.0
1514710181,0.0,13050.0,0.0
1514710182,0.0,13050.0,0.0
1514710183,0.0539,13049.99,-7.7e-07
1514710184,0.0,13049.99,0.0
1514710185,0.0,13049.99,0.0
1514710186,0.0,13049.99,0.0
1514710187,0.0,13049.99,0.0
1514710188,0.0,13049.99,0.0
1514710189,0.0,13049.99,0.0
1514710190,0.0,13049.99,0.0
1514710191,0.0,13049.99,0.0
1514710192,0.00715529,13050.0,7.7e-07
1514710193,0.00337682,13050.0,0.0
1514710194,0.64872426,13050.0,-0.0
1514710195,0.0,13050.0,0.0
1514710196,1.36488956,13050.0,0.0
1514710197,0.0,13050.0,0.0
1514710198,0.0,13050.0,0.0
1514710199,6.73372707,13050.0,0.0
1514710200,0.0,13050.0,0.0
1514710201,0.0,13050.0,0.0
1514710202,0.0,13050.0,0.0
1514710203,0.3274,13052.13406842,0.00016353
1514710204,0.0,13052.13406842,0.0
1514710205,1.0,13053.26,8.626e-05
1514710206,0.01520563,13054.64698264,0.00010626
1514710207,0.0,13054.64698264,0.0
1514710208,0.0,13054.64698264,0.0
1514710209,0.0,13054.64698264,0.0
1514710210,0.0,13054.64698264,0.0
1514710211,0.0,13054.64698264,0.0
1514710212,0.04,13055.01,2.781e-05
1514710213,0.0779,13055.0,-7.7e-07
1514710214,0.0,13055.0,0.0
1514710215,0.0,13055.0,0.0
1514710216,0.0,13055.0,0.0
1514710217,0.0,13055.0,0.0
1514710218,0.0,13055.0,0.0
1514710219,0.0,13055.0,0.0
1514710220,0.0,13055.0,0.0
1514710221,0.39,13055.0,-0.0
1514710222,0.526,13055.0,0.0
1514710223,0.0,13055.0,0.0
1514710224,0.0,13055.0,0.0
1514710225,4.0,13055.0,0.0
1514710226,0.0,13055.0,0.0
1514710227,0.0,13055.0,0.0
1514710228,0.0,13055.0,0.0
1514710229,0.0,13055.0,0.0
1514710230,0.0,13055.0,0.0
1514710231,0.38,13055.0,-0.0
1514710232,0.0,13055.0,0.0
1514710233,0.28,13055.0,0.0
1514710234,0.0,13055.0,0.0
1514710235,0.0,13055.0,0.0
1514710236,0.0,13055.0,0.0
1514710237,0.0,13055.0,0.0
1514710238,0.01,13055.0,0.0
1514710239,0.0,13055.0,0.0
1514710240,0.18031245,13057.21571239,0.00016972
1514710241,0.0,13057.21571239,0.0
1514710242,0.0,13057.21571239,0.0
1514710243,0.0,13057.21571239,0.0
1514710244,0.0,13057.21571239,0.0
1514710245,0.0,13057.21571239,0.0
1514710246,0.0,13057.21571239,0.0
1514710247,0.0,13057.21571239,0.0
1514710248,0.0,13057.21571239,0.0
1514710249,0.0,13057.21571239,0.0
1514710250,0.0,13057.21571239,0.0
1514710251,0.0,13057.21571239,0.0
1514710252,0.0,13057.21571239,0.0
1514710253,0.0,13057.21571239,0.0
1514710254,0.0,13057.21571239,0.0
1514710255,0.01338118,13058.55,0.00010219
1514710256,0.0,13058.55,0.0
1514710257,0.0,13058.55,0.0
1514710258,0.0,13058.55,0.0
1514710259,0.0,13058.55,0.0
1514710260,0.0,13058.55,0.0
1514710261,0.0,13058.55,0.0
1514710262,0.43197638,13058.56,7.7e-07
1514710263,0.0,13058.56,0.0
1514710264,0.0,13058.56,0.0
1514710265,0.0,13058.56,0.0
1514710266,0.0,13058.56,0.0
1514710267,0.0,13058.56,0.0
1514710268,0.0,13058.56,0.0
1514710269,0.0,13058.56,0.0
1514710270,0.0,13058.56,0.0
1514710271,0.0,13058.56,0.0
1514710272,0.0,13058.56,0.0
1514710273,0.0,13058.56,0.0
1514710274,0.0,13058.56,0.0
1514710275,0.0,13058.56,0.0
1514710276,0.00085871,13058.56,0.0
1514710277,0.5,13058.55,-7.7e-07
1514710278,0.0,13058.55,0.0
1514710279,0.0,13058.55,0.0
1514710280,0.5,13058.55,0.0
1514710281,0.0,13058.55,0.0
1514710282,0.0,13058.55,0.0
1514710283,0.9366,13058.55359385,2.8e-07
1514710284,0.00359471,13058.35914761,-1.489e-05
1514710285,0.189,13056.44691054,-0.00014644
1514710286,0.08428868,13055.02,-0.00010929
1514710287,0.0,13055.02,0.0
1514710288,0.0,13055.02,0.0
1514710289,0.0,13055.02,0.0
1514710290,0.0,13055.02,0.0
1514710291,0.0,13055.02,0.0
1514710292,0.09105192,13055.0,-1.53e-06
1514710293,0.0,13055.0,0.0
1514710294,0.04405392,13052.3,-0.00020682
1514710295,0.03489416,13047.54192864,-0.00036454
1514710296,0.0,13047.54192864,0.0
1514710297,0.01482241,13048.1225788,4.45e-05
1514710298,0.08160437,13045.09868018,-0.00023175
1514710299,0.0,13045.09868018,0.0
1514710300,0.0,13045.09868018,0.0
1514710301,0.51,13033.47693148,-0.00089089
1514710302,0.0,13033.47693148,0.0
1514710303,0.0,13033.47693148,0.0
1514710304,0.24824294,13025.47,-0.00061434
1514710305,0.0,13025.47,0.0
1514710306,0.0,13025.47,0.0
1514710307,0.0,13025.47,0.0
1514710308,1.017,13025.47,0.0
1514710309,0.0,13025.47,0.0
1514710310,0.0,13025.47,0.0
1514710311,0.0,13025.47,0.0
1514710312,0.0,13025.47,0.0
1514710313,0.0,13025.47,0.0
1514710314,0.00835764,13025.47916301,7e-07
1514710315,0.0,13025.47916301,0.0
1514710316,0.0,13025.47916301,0.0
1514710317,0.5,13025.47,-7e-07
1514710318,0.0,13025.47,0.0
1514710319,0.0,13025.47,0.0
1514710320,0.00361151,13025.47,0.0
1514710321,0.49,13025.47,0.0
1514710322,0.0,13025.47,0.0
1514710323,0.0,13025.47,0.0
1514710324,0.0,13025.47,0.0
1514710325,0.0,13025.47,0.0
1514710326,0.0,13025.47,0.0
1514710327,0.17231827,13025.48,7.7e-07
1514710328,0.6178,13046.51947291,0.00161526
1514710329,0.0,13046.51947291,0.0
1514710330,0.0,13046.51947291,0.0
1514710331,0.0,13046.51947291,0.0
1514710332,0.0,13046.51947291,0.0
1514710333,0.0,13046.51947291,0.0
1514710334,0.0,13046.51947291,0.0
1514710335,0.0,13046.51947291,0.0
1514710336,0.0,13046.51947291,0.0
1514710337,0.0,13046.51947291,0.0
1514710338,0.0,13046.51947291,0.0
1514710339,0.0,13046.51947291,0.0
1514710340,0.044,13049.91,0.00025988
1514710341,0.0,13049.91,0.0
1514710342,0.0,13049.91,0.0
1514710343,0.00144207,13048.76923707,-8.742e-05
1514710344,0.0,13048.76923707,0.0
1514710345,0.0,13048.76923707,0.0
1514710346,0.0,13048.76923707,0.0
1514710347,0.0,13048.76923707,0.0
1514710348,0.7119,13025.41021524,-0.00179013
1514710349,0.0,13025.41021524,0.0
1514710350,0.0,13025.41021524,0.0
1514710351,0.0,13025.41021524,0.0
1514710352,0.0,13025.41021524,0.0
1514710353,0.0,13025.41021524,0.0
1514710354,0.0,13025.41021524,0.0
1514710355,0.0,13025.41021524,0.0
1514710356,0.0,13025.41021524,0.0
1514710357,0.0,13025.41021524,0.0
1514710358,0.0,13025.41021524,0.0
1514710359,0.0,13025.41021524,0.0
1514710360,0.0,13025.41021524,0.0
1514710361,0.0,13025.41021524,0.0
1514710362,0.0,13025.41021524,0.0
1514710363,0.0,13025.41021524,0.0
1514710364,0.0,13025.41021524,0.0
1514710365,0.0,13025.41021524,0.0
1514710366,0.06053494,13024.3,-8.523e-05
1514710367,0.0,13024.3,0.0
1514710368,0.0,13024.3,0.0
1514710369,0.0,13024.3,0.0
1514710370,0.0,13024.3,0.0
1514710371,0.0,13024.3,0.0
1514710372,0.2167,13024.3,0.0
1514710373,0.0,13024.3,0.0
1514710374,0.0,13024.3,0.0
1514710375,0.0,13024.3,0.0
1514710376,0.0,13024.3,0.0
1514710377,0.0,13024.3,0.0
1514710378,0.0,13024.3,0.0
1514710379,0.0,13024.3,0.0
1514710380,0.0,13024.3,0.0
1514710381,0.05,13025.46277551,8.928e-05
1514710382,0.0,13025.46277551,0.0
1514710383,0.0,13025.46277551,0.0
1514710384,0.0,13025.46277551,0.0
1514710385,0.0,13025.46277551,0.0
1514710386,0.0,13025.46277551,0.0
1514710387,0.079,13026.17,5.43e-05
1514710388,0.0975,13020.86691898,-0.00040711
1514710389,0.0,13020.86691898,0.0
1514710390,0.0,13020.86691898,0.0
1514710391,0.35194781,13017.11,-0.00028853
1514710392,0.1045,13008.34411894,-0.00067341
1514710393,0.00579384,13008.07,-2.107e-05
1514710394,0.0,13008.07,0.0
1514710395,0.10525159,13008.07,0.0
1514710396,0.8,13001.02240559,-0.00054179
1514710397,0.0,13001.02240559,0.0
1514710398,0.01255495,13007.99,0.00053593
1514710399,0.01615287,13007.97,-1.54e-06
1514710400,0.0,13007.97,0.0
1514710401,0.03621564,13007.8142349,-1.197e-05
1514710402,0.0,13007.8142349,0.0
1514710403,0.0,13007.8142349,0.0
1514710404,0.0,13007.8142349,0.0
1514710405,0.0676186,13007.62,-1.493e-05
1514710406,0.0,13007.62,0.0
1514710407,0.0171,13002.0,-0.00043205
1514710408,0.0,13002.0,0.0
1514710409,0.0,13002.0,0.0
1514710410,0.000766,13002.0,0.0
1514710411,0.0,13002.0,0.0
1514710412,0.0,13002.0,0.0
1514710413,0.0,13002.0,0.0
1514710414,0.0,13002.0,0.0
1514710415,0.506831,13000.63057424,-0.00010532
1514710416,0.0,13000.63057424,0.0
1514710417,0.0,13000.63057424,0.0
1514710418,0.0,13000.63057424,0.0
1514710419,2.294,13000.0,-4.85e-05
1514710420,0.0,13000.0,0.0
1514710421,0.0,13000.0,0.0
1514710422,0.0,13000.0,0.0
1514710423,0.0,13000.0,0.0
1514710424,0.0,13000.0,0.0
1514710425,0.0,13000.0,0.0
1514710426,0.0,13000.0,0.0
1514710427,0.0,13000.0,0.0
1514710428,0.0,13000.0,0.0
1514710429,0.00028551,13000.01,7.7e-07
1514710430,0.1174,12995.07501408,-0.00037961
1514710431,1.001,12992.95440543,-0.00016319
1514710432,0.0,12992.95440543,0.0
1514710433,0.0,12992.95440543,0.0
1514710434,0.0,12992.95440543,0.0
1514710435,0.0,12992.95440543,0.0
1514710436,0.0,12992.95440543,0.0
1514710437,0.0,12992.95440543,0.0
1514710438,0.0,12992.95440543,0.0
1514710439,0.0,12992.95440543,0.0
1514710440,0.0,12992.95440543,0.0
1514710441,0.0007679,12990.01,-0.00022662
1514710442,0.0,12990.01,0.0
1514710443,0.00383951,12990.01,0.0
1514710444,0.0,12990.01,0.0
1514710445,0.0,12990.01,0.0
1514710446,0.0,12990.01,0.0
1514710447,0.0,12990.01,0.0
1514710448,0.8742,12970.24409863,-0.00152162
1514710449,0.0,12970.24409863,0.0
1514710450,0.812,12961.70236726,-0.00065856
1514710451,0.01,12960.01,-0.00013057
1514710452,0.0,12960.01,0.0
1514710453,0.0,12960.01,0.0
1514710454,0.5,12960.0,-7.7e-07
1514710455,0.0,12960.0,0.0
1514710456,0.0,12960.0,0.0
1514710457,2.32527678,12953.01651035,-0.00053885
1514710458,0.0,12953.01651035,0.0
1514710459,0.16065539,12945.0,-0.00061889
1514710460,0.0,12945.0,0.0
1514710461,0.0,12945.0,0.0
1514710462,0.0,12945.0,0.0
1514710463,0.0,12945.0,0.0
1514710464,0.0,12945.0,0.0
1514710465,0.0,12945.0,0.0
1514710466,0.01001744,12945.0,0.0
1514710467,0.993,12934.45194242,-0.00081484
1514710468,0.0,12934.45194242,0.0
1514710469,0.0,12934.45194242,0.0
1514710470,0.0,12934.45194242,0.0
1514710471,0.0,12934.45194242,0.0
1514710472,0.0,12934.45194242,0.0
1514710473,0.02176232,12944.18,0.0007521
1514710474,0.0,12944.18,0.0
1514710475,0.0,12944.18,0.0
1514710476,0.018,12944.17,-7.7e-07
1514710477,0.0,12944.17,0.0
1514710478,0.0,12944.17,0.0
1514710479,0.0,12944.17,0.0
1514710480,0.0,12944.17,0.0
1514710481,0.0,12944.17,0.0
1514710482,0.0,12944.17,0.0
1514710483,0.0,12944.17,0.0
1514710484,0.0,12944.17,0.0
1514710485,0.0,12944.17,0.0
1514710486,0.0,12944.17,0.0
1514710487,0.0,12944.17,0.0
1514710488,0.0,12944.17,0.0
1514710489,0.0,12944.17,0.0
1514710490,0.0,12944.17,0.0
1514710491,0.5175,12944.18,7.7e-07
1514710492,0.00061804,12944.17,-7.7e-07
1514710493,0.0,12944.17,0.0
1514710494,0.0,12944.17,0.0
1514710495,0.0,12944.17,0.0
1514710496,0.0,12944.17,0.0
1514710497,0.0,12944.17,0.0
1514710498,0.0,12944.17,0.0
1514710499,0.0,12944.17,0.0
1514710500,0.0,12944.17,0.0
1514710501,0.0,12944.17,0.0
1514710502,0.0,12944.17,0.0
1514710503,0.0,12944.17,0.0
1514710504,0.0,12944.17,0.0
1514710505,0.0,12944.17,0.0
1514710506,0.0,12944.17,0.0
1514710507,0.0011,12943.0,-9.039e-05
1514710508,1.60025728,12910.72452874,-0.00249366
1514710509,0.27473868,12919.02,0.00064253
1514710510,0.005,12919.02,0.0
1514710511,0.0,12919.02,0.0
1514710512,0.01117697,12919.02,0.0
1514710513,0.08494922,12919.02,0.0
1514710514,0.0,12919.02,0.0
1514710515,0.01930305,12919.02,0.0
1514710516,0.0561,12919.01,-7.7e-07
1514710517,0.0,12919.01,0.0
1514710518,0.0,12919.01,0.0
1514710519,0.13573023,12919.01,0.0
1514710520,0.00772246,12916.94,-0.00016023
1514710521,0.0,12916.94,0.0
1514710522,0.0,12916.94,0.0
1514710523,0.0,12916.94,0.0
1514710524,0.0,12916.94,0.0
1514710525,0.00010613,12916.94,0.0
1514710526,0.0,12916.94,0.0
1514710527,0.0,12916.94,0.0
1514710528,0.0,12916.94,0.0
1514710529,0.0,12916.94,0.0
1514710530,0.0,12916.94,0.0
1514710531,0.0,12916.94,0.0
1514710532,0.005,12916.93,-7.7e-07
1514710533,0.0,12916.93,0.0
1514710534,0.0,12916.93,0.0
1514710535,0.01446381,12911.15,-0.00044747
1514710536,0.0,12911.15,0.0
1514710537,0.0,12911.15,0.0
1514710538,0.0,12911.15,0.0
1514710539,0.8452,12911.15,0.0
1514710540,0.0,12911.15,0.0
1514710541,0.0540815,12911.15,0.0
1514710542,0.0,12911.15,0.0
1514710543,0.0,12911.15,0.0
1514710544,0.0,12911.15,0.0
1514710545,0.0,12911.15,0.0
1514710546,0.0,12911.15,0.0
1514710547,1.03488572,12911.1169479,-2.56e-06
1514710548,0.0,12911.1169479,0.0
1514710549,0.0,12911.1169479,0.0
1514710550,0.04,12910.0,-8.651e-05
1514710551,0.0,12910.0,0.0
1514710552,0.0,12910.0,0.0
1514710553,0.02471966,12909.98584123,-1.1e-06
1514710554,0.0,12909.98584123,0.0
1514710555,0.0,12909.98584123,0.0
1514710556,0.0,12909.98584123,0.0
1514710557,0.0,12909.98584123,0.0
1514710558,0.8327,12900.55670593,-0.00073038
1514710559,0.0,12900.55670593,0.0
1514710560,0.0,12900.55670593,0.0
1514710561,0.0,12900.55670593,0.0
1514710562,1.77869021,12900.00718894,-4.26e-05
1514710563,1.53813022,12899.99739944,-7.6e-07
1514710564,0.00195451,12895.01,-0.00038662
1514710565,0.0,12895.01,0.0
1514710566,0.0,12895.01,0.0
1514710567,0.0,12895.01,0.0
1514710568,0.01,12895.0,-7.8e-07
1514710569,0.0,12895.0,0.0
1514710570,1.00562783,12895.01,7.8e-07
1514710571,0.0,12895.01,0.0
1514710572,0.0,12895.01,0.0
1514710573,0.0,12895.01,0.0
1514710574,0.01980032,12895.0,-7.8e-07
1514710575,0.0,12895.0,0.0
1514710576,0.00523238,12893.10330893,-0.00014709
1514710577,0.6272,12891.15888393,-0.00015081
1514710578,0.0,12891.15888393,0.0
1514710579,0.0,12891.15888393,0.0
1514710580,0.0,12891.15888393,0.0
1514710581,0.01,12890.59,-4.413e-05
1514710582,0.0,12890.59,0.0
1514710583,0.0,12890.59,0.0
1514710584,0.00011916,12890.6,7.8e-07
1514710585,0.0,12890.6,0.0
1514710586,0.0,12890.6,0.0
1514710587,0.01,12890.59,-7.8e-07
1514710588,0.0285795,12890.59270762,2.1e-07
1514710589,0.0,12890.59270762,0.0
1514710590,0.0,12890.59270762,0.0
1514710591,0.0,12890.59270762,0.0
1514710592,0.0,12890.59270762,0.0
1514710593,0.0,12890.59270762,0.0
1514710594,0.0,12890.59270762,0.0
1514710595,0.3,12879.07604051,-0.00089342
1514710596,0.0,12879.07604051,0.0
1514710597,0.00072768,12889.31,0.00079462
1514710598,0.0,12889.31,0.0
1514710599,0.01889304,12876.31098867,-0.00100851
1514710600,0.3402,12880.68,0.00033931
1514710601,0.0,12880.68,0.0
1514710602,0.25469682,12880.68,0.0
1514710603,0.13,12880.67,-7.8e-07
1514710604,0.0,12880.67,0.0
1514710605,0.0,12880.67,0.0
1514710606,0.18,12880.67,0.0
1514710607,0.0,12880.67,0.0
1514710608,0.0,12880.67,0.0
1514710609,0.0,12880.67,0.0
1514710610,0.0,12880.67,0.0
1514710611,0.0,12880.67,0.0
1514710612,0.0,12880.67,0.0
1514710613,0.0,12880.67,0.0
1514710614,0.15797372,12880.66975445,-2e-08
1514710615,0.0,12880.66975445,0.0
1514710616,0.0,12880.66975445,0.0
1514710617,0.06,12877.0,-0.0002849
1514710618,0.0,12877.0,0.0
1514710619,0.0,12877.0,0.0
1514710620,0.0,12877.0,0.0
1514710621,1.7793,12877.01,7.8e-07
1514710622,7.5833776,12875.35606793,-0.00012844
1514710623,0.02439241,12875.48,9.63e-06
1514710624,0.2,12875.45,-2.33e-06
1514710625,0.43359106,12871.13988345,-0.00033475
1514710626,0.0,12871.13988345,0.0
1514710627,0.0,12871.13988345,0.0
1514710628,0.0309998,12871.13,-7.7e-07
1514710629,0.04932318,12868.89102774,-0.00017395
1514710630,1.00363155,12870.96408149,0.00016109
1514710631,1.00794074,12865.42,-0.00043074
1514710632,0.0,12865.42,0.0
1514710633,0.0,12865.42,0.0
1514710634,0.53414181,12864.0189476,-0.0001089
1514710635,0.0,12864.0189476,0.0
1514710636,0.0,12864.0189476,0.0
1514710637,0.0,12864.0189476,0.0
1514710638,0.38371249,12859.95283448,-0.00031608
1514710639,0.11143996,12858.51,-0.0001122
1514710640,0.35753769,12856.83577117,-0.0001302
1514710641,0.04,12856.34,-3.856e-05
1514710642,0.2671,12856.34,0.0
1514710643,0.0,12856.34,0.0
1514710644,0.0,12856.34,0.0
1514710645,1.37413872,12852.60386778,-0.00029061
1514710646,0.0,12852.60386778,0.0
1514710647,0.20451447,12853.13,4.094e-05
1514710648,0.01164312,12851.01,-0.00016494
1514710649,0.0,12851.01,0.0
1514710650,0.0,12851.01,0.0
1514710651,0.77222055,12850.63346212,-2.93e-05
1514710652,4.42305586,12850.06978081,-4.386e-05
1514710653,0.0,12850.06978081,0.0
1514710654,0.08268749,12845.48,-0.00035718
1514710655,0.0,12845.48,0.0
1514710656,0.0,12845.48,0.0
1514710657,4.35251159,12841.59019043,-0.00030282
1514710658,0.0,12841.59019043,0.0
1514710659,1.33217009,12837.86230751,-0.0002903
1514710660,0.0,12837.86230751,0.0
1514710661,0.0,12837.86230751,0.0
1514710662,0.02,12836.0,-0.00014506
1514710663,0.0,12836.0,0.0
1514710664,1.0,12834.43010683,-0.0001223
1514710665,1.78537502,12832.16804695,-0.00017625
1514710666,0.0,12832.16804695,0.0
1514710667,0.8214,12830.44,-0.00013467
1514710668,0.0,12830.44,0.0
1514710669,0.0,12830.44,0.0
1514710670,2.75766169,12822.84706641,-0.00059179
1514710671,0.1,12816.9040346,-0.00046347
1514710672,0.0,12816.9040346,0.0
1514710673,0.0,12816.9040346,0.0
1514710674,0.0,12816.9040346,0.0
1514710675,0.0,12816.9040346,0.0
1514710676,0.15272254,12815.67,-9.628e-05
1514710677,0.0,12815.67,0.0
1514710678,0.0,12815.67,0.0
1514710679,0.20603071,12815.67,0.0
1514710680,0.22333044,12815.67,0.0
1514710681,2.50097801,12815.66,-7.8e-07
1514710682,0.14769653,12815.58,-6.24e-06
1514710683,0.0,12815.58,0.0
1514710684,0.0,12815.58,0.0
1514710685,0.0,12815.58,0.0
1514710686,3.91424447,12814.73336617,-6.606e-05
1514710687,0.0,12814.73336617,0.0
1514710688,0.0,12814.73336617,0.0
1514710689,0.0,12814.73336617,0.0
1514710690,0.00049702,12810.96,-0.00029446
1514710691,0.0,12810.96,0.0
1514710692,0.0,12810.96,0.0
1514710693,0.1,12810.95,-7.8e-07
1514710694,0.0,12810.95,0.0
1514710695,0.802426,12810.95,0.0
1514710696,0.0,12810.95,0.0
1514710697,0.0,12810.95,0.0
1514710698,0.01,12810.94,-7.8e-07
1514710699,0.0,12810.94,0.0
1514710700,0.23404365,12810.95,7.8e-07
1514710701,0.98008641,12810.95,0.0
1514710702,0.0,12810.95,0.0
1514710703,0.0,12810.95,0.0
1514710704,0.0,12810.95,0.0
1514710705,0.94714998,12810.35573047,-4.639e-05
1514710706,0.0,12810.35573047,0.0
1514710707,0.0,12810.35573047,0.0
1514710708,0.0,12810.35573047,0.0
1514710709,0.0,12810.35573047,0.0
1514710710,0.10775232,12810.0,-2.777e-05
1514710711,0.01730412,12810.01,7.8e-07
1514710712,0.0332,12810.0,-7.8e-07
1514710713,0.0,12810.0,0.0
1514710714,0.0,12810.0,0.0
1514710715,0.0,12810.0,0.0
1514710716,0.0,12810.0,0.0
1514710717,0.0,12810.0,0.0
1514710718,0.0,12810.0,0.0
1514710719,0.99906284,12810.01,7.8e-07
1514710720,0.0,12810.01,0.0
1514710721,0.02956256,12810.0,-7.8e-07
1514710722,0.11063894,12809.6992419,-2.348e-05
1514710723,0.0,12809.6992419,0.0
1514710724,0.0,12809.6992419,0.0
1514710725,0.71618234,12808.02,-0.00013109
1514710726,0.23958704,12808.02,-0.0
1514710727,0.0,12808.02,0.0
1514710728,0.0,12808.02,0.0
1514710729,0.0,12808.02,0.0
1514710730,0.0275844,12808.02,0.0
1514710731,0.2,12808.01,-7.8e-07
1514710732,0.0,12808.01,0.0
1514710733,0.06294813,12808.02,7.8e-07
1514710734,0.0,12808.02,0.0
1514710735,1.89224448,12808.01,-7.8e-07
1514710736,0.0,12808.01,0.0
1514710737,1.1313,12808.01,-0.0
1514710738,0.0,12808.01,0.0
1514710739,0.08,12808.01,0.0
1514710740,0.0,12808.01,0.0
1514710741,0.0,12808.01,0.0
1514710742,0.0,12808.01,0.0
1514710743,0.0,12808.01,0.0
1514710744,0.0,12808.01,0.0
1514710745,0.01557628,12808.01,-0.0
1514710746,0.0,12808.01,0.0
1514710747,0.0,12808.01,0.0
1514710748,0.97454468,12808.00009748,-7.7e-07
1514710749,0.0,12808.00009748,0.0
1514710750,0.0,12808.00009748,0.0
1514710751,0.0,12808.00009748,0.0
1514710752,0.0,12808.00009748,0.0
1514710753,0.0,12808.00009748,0.0
1514710754,0.42051069,12808.01,7.7e-07
1514710755,0.0,12808.01,0.0
1514710756,0.0,12808.01,0.0
1514710757,0.18662804,12808.01,0.0
1514710758,0.454,12808.0,-7.8e-07
1514710759,0.0,12808.0,0.0
1514710760,0.00557506,12808.01,7.8e-07
1514710761,0.00987106,12808.01,-0.0
1514710762,0.0,12808.01,0.0
1514710763,0.0,12808.01,0.0
1514710764,0.0,12808.01,0.0
1514710765,1.65081389,12808.01,0.0
1514710766,0.0,12808.01,0.0
1514710767,0.0,12808.01,0.0
1514710768,0.0261319,12808.01,0.0
1514710769,7.788e-05,12808.01,0.0
1514710770,0.21148219,12808.01,-0.0
1514710771,0.0,12808.01,0.0
1514710772,0.0,12808.01,0.0
1514710773,5.99569859,12808.01,0.0
1514710774,0.0,12808.01,0.0
1514710775,0.0,12808.01,0.0
1514710776,0.40583519,12808.01972762,7.6e-07
1514710777,0.0,12808.01972762,0.0
1514710778,0.23745704,12823.19344338,0.0011847
1514710779,0.00777822,12824.33906305,8.934e-05
1514710780,0.0,12824.33906305,0.0
1514710781,0.02332916,12827.37,0.00023634
1514710782,0.0036473,12834.93382135,0.00058966
1514710783,0.61699703,12842.6549802,0.00060157
1514710784,0.0,12842.6549802,0.0
1514710785,7.769e-05,12838.44,-0.0003282
1514710786,0.0,12838.44,0.0
1514710787,0.04657809,12849.46459881,0.00085872
1514710788,0.0,12849.46459881,0.0
1514710789,0.0,12849.46459881,0.0
1514710790,0.01242059,12849.7,1.832e-05
1514710791,0.25100812,12849.69,-7.8e-07
1514710792,0.0,12849.69,0.0
1514710793,0.0,12849.69,0.0
1514710794,0.0,12849.69,0.0
1514710795,0.0,12849.69,0.0
1514710796,0.0399788,12849.7,7.8e-07
1514710797,0.0,12849.7,0.0
1514710798,0.01,12849.69,-7.8e-07
1514710799,0.0,12849.69,0.0
1514710800,0.0,12849.69,0.0
1514710801,0.0,12849.69,0.0
1514710802,0.0,12849.69,0.0
1514710803,0.0,12849.69,0.0
1514710804,0.0,12849.69,0.0
1514710805,0.0,12849.69,0.0
1514710806,0.0,12849.69,0.0
1514710807,0.8721,12849.7,7.8e-07
1514710808,0.45800265,12849.89677601,1.531e-05
1514710809,0.0,12849.89677601,0.0
1514710810,0.80534462,12850.32183988,3.308e-05
1514710811,0.0,12850.32183988,0.0
1514710812,0.12801414,12856.22,0.00045899
1514710813,0.0,12856.22,0.0
1514710814,0.0,12856.22,0.0
1514710815,0.0,12856.22,0.0
1514710816,0.0,12856.22,0.0
1514710817,0.00775893,12856.23,7.8e-07
1514710818,0.0,12856.23,0.0
1514710819,0.0,12856.23,0.0
1514710820,0.0,12856.23,0.0
1514710821,0.0,12856.23,0.0
1514710822,0.0,12856.23,0.0
1514710823,0.0,12856.23,0.0
1514710824,0.00256029,12859.95,0.00028935
1514710825,0.0,12859.95,0.0
1514710826,0.59938755,12865.77613578,0.00045304
1514710827,0.0,12865.77613578,0.0
1514710828,0.0,12865.77613578,0.0
1514710829,0.00256029,12869.08,0.00025679
1514710830,0.00116267,12869.09,7.8e-07
1514710831,0.0,12869.09,0.0
1514710832,0.0,12869.09,0.0
1514710833,0.0,12869.09,0.0
1514710834,0.0,12869.09,0.0
1514710835,0.0,12869.09,0.0
1514710836,0.0,12869.09,0.0
1514710837,0.4606,12869.08,-7.8e-07
1514710838,0.0,12869.08,0.0
1514710839,0.33194768,12869.08035026,3e-08
1514710840,2.10256981,12877.19678741,0.00063069
1514710841,0.0,12877.19678741,0.0
1514710842,0.0,12877.19678741,0.0
1514710843,0.0,12877.19678741,0.0
1514710844,3.49190651,12897.55919609,0.00158128
1514710845,0.0,12897.55919609,0.0
1514710846,0.55864782,12924.22434762,0.00206746
1514710847,0.0,12924.22434762,0.0
1514710848,0.0,12924.22434762,0.0
1514710849,0.00289925,12917.28351391,-0.00053704
1514710850,0.0,12917.28351391,0.0
1514710851,0.9516,12924.96675055,0.0005948
1514710852,0.0,12924.96675055,0.0
1514710853,0.0,12924.96675055,0.0
1514710854,0.0,12924.96675055,0.0
1514710855,0.0,12924.96675055,0.0
1514710856,0.0,12924.96675055,0.0
1514710857,0.0,12924.96675055,0.0
1514710858,0.01,12917.58,-0.00057151
1514710859,0.0,12917.58,0.0
1514710860,0.0,12917.58,0.0
1514710861,0.0,12917.58,0.0
1514710862,7.722e-05,12917.58,0.0
1514710863,0.0,12917.58,0.0
1514710864,0.0,12917.58,0.0
1514710865,0.0,12917.58,0.0
1514710866,0.0,12917.58,0.0
1514710867,0.0,12917.58,0.0
1514710868,0.65216332,12917.58,0.0
1514710869,0.0,12917.58,0.0
1514710870,0.0,12917.58,0.0
1514710871,0.0,12917.58,0.0
1514710872,0.0,12917.58,0.0
1514710873,0.0,12917.58,0.0
1514710874,0.0,12917.58,0.0
1514710875,0.0,12917.58,0.0
1514710876,0.0,12917.58,0.0
1514710877,0.0,12917.58,0.0
1514710878,0.1,12917.57,-7.7e-07
1514710879,0.0,12917.57,0.0
1514710880,0.0,12917.57,0.0
1514710881,0.0,12917.57,0.0
1514710882,0.0,12917.57,0.0
1514710883,0.0,12917.57,0.0
1514710884,0.0,12917.57,0.0
1514710885,0.0,12917.57,0.0
1514710886,0.0,12917.57,0.0
1514710887,0.0832,12917.58,7.7e-07
1514710888,0.0,12917.58,0.0
1514710889,0.0,12917.58,0.0
1514710890,0.0,12917.58,0.0
1514710891,0.0,12917.58,0.0
1514710892,0.0,12917.58,0.0
1514710893,0.0,12917.58,0.0
1514710894,0.42517698,12917.57,-7.7e-07
1514710895,0.10298173,12917.58,7.7e-07
1514710896,0.0,12917.58,0.0
1514710897,0.0,12917.58,0.0
1514710898,0.0,12917.58,0.0
1514710899,0.02084962,12917.58,0.0
1514710900,0.0,12917.58,0.0
1514710901,0.0,12917.58,0.0
1514710902,0.0,12917.58,0.0
1514710903,0.0,12917.58,0.0
1514710904,0.0,12917.58,0.0
1514710905,0.0,12917.58,0.0
1514710906,0.0,12917.58,0.0
1514710907,0.59447715,12917.41531092,-1.275e-05
1514710908,0.051,12911.62294118,-0.00044842
1514710909,0.0,12911.62294118,0.0
1514710910,0.0,12911.62294118,0.0
1514710911,0.00564885,12910.0,-0.0001257
1514710912,0.0,12910.0,0.0
1514710913,0.098,12910.0,0.0
1514710914,0.0,12910.0,0.0
1514710915,0.0,12910.0,0.0
1514710916,0.0,12910.0,0.0
1514710917,0.0,12910.0,0.0
1514710918,0.0,12910.0,0.0
1514710919,0.0,12910.0,0.0
1514710920,0.0,12910.0,0.0
1514710921,1.00028703,12910.01,7.7e-07
1514710922,0.0,12910.01,0.0
1514710923,0.0,12910.01,0.0
1514710924,0.0,12910.01,0.0
1514710925,0.0,12910.01,0.0
1514710926,0.0,12910.01,0.0
1514710927,0.0,12910.01,0.0
1514710928,0.0,12910.01,0.0
1514710929,0.05,12901.63409945,-0.00064879
1514710930,1.1051,12909.95918559,0.00064527
1514710931,0.0,12909.95918559,0.0
1514710932,0.0,12909.95918559,0.0
1514710933,0.00038646,12905.59,-0.00033844
1514710934,0.0,12905.59,0.0
1514710935,0.0,12905.59,0.0
1514710936,0.0,12905.59,0.0
1514710937,0.0,12905.59,0.0
1514710938,0.0,12905.59,0.0
1514710939,0.155,12905.58,-7.7e-07
1514710940,0.0,12905.58,0.0
1514710941,0.1,12905.58,0.0
1514710942,0.0,12905.58,0.0
1514710943,0.0,12905.58,0.0
1514710944,0.0,12905.58,0.0
1514710945,0.0,12905.58,0.0
1514710946,0.83825018,12905.63073251,3.93e-06
1514710947,0.0,12905.63073251,0.0
1514710948,20.0,12938.5223472,0.00254863
1514710949,0.0,12938.5223472,0.0
1514710950,0.005575,12920.02,-0.00143002
1514710951,0.0,12920.02,0.0
1514710952,0.0,12920.02,0.0
1514710953,0.0,12920.02,0.0
1514710954,0.01544124,12920.02,0.0
1514710955,0.0,12920.02,0.0
1514710956,0.0,12920.02,0.0
1514710957,0.0,12920.02,0.0
1514710958,0.56489842,12920.01,-7.7e-07
1514710959,0.48612089,12920.00969143,-2e-08
1514710960,0.02487911,12911.61,-0.00065013
1514710961,0.0,12911.61,0.0
1514710962,0.18278226,12905.59282421,-0.00046603
1514710963,0.01,12901.44,-0.00032178
1514710964,0.315,12905.05318773,0.00028006
1514710965,0.0,12905.05318773,0.0
1514710966,0.0,12905.05318773,0.0
1514710967,0.0,12905.05318773,0.0
1514710968,0.0,12905.05318773,0.0
1514710969,0.0,12905.05318773,0.0
1514710970,0.0,12905.05318773,0.0
1514710971,0.0,12905.05318773,0.0
1514710972,0.0,12905.05318773,0.0
1514710973,19.2672,12818.78583043,-0.00668477
1514710974,0.0745,12863.57,0.00349364
1514710975,0.327,12863.35336391,-1.684e-05
1514710976,0.132,12860.35,-0.00023348
1514710977,0.0,12860.35,0.0
1514710978,0.0,12860.35,0.0
1514710979,0.0,12860.35,0.0
1514710980,0.0,12860.35,0.0
1514710981,0.2,12860.35,0.0
1514710982,0.0,12860.35,0.0
1514710983,0.0,12860.35,0.0
1514710984,0.0,12860.35,0.0
1514710985,0.0,12860.35,0.0
1514710986,0.0,12860.35,0.0
1514710987,0.0,12860.35,0.0
1514710988,0.0,12860.35,0.0
1514710989,0.0,12860.35,0.0
1514710990,0.0,12860.35,0.0
1514710991,0.0,12860.35,0.0
1514710992,0.0,12860.35,0.0
1514710993,0.0,12860.35,0.0
1514710994,0.0,12860.35,0.0
1514710995,0.0851,12860.35,-0.0
1514710996,0.0,12860.35,0.0
1514710997,0.0,12860.35,0.0
1514710998,0.0,12860.35,0.0
1514710999,0.0,12860.35,0.0
1514711000,0.0,12860.35,0.0
1514711001,0.0,12860.35,0.0
1514711002,0.0775644,12860.36,7.8e-07
1514711003,0.0,12860.36,0.0
1514711004,0.0,12860.36,0.0
1514711005,0.0,12860.36,0.0
1514711006,0.0,12860.36,0.0
1514711007,0.91737647,12861.09742168,5.734e-05
1514711008,0.0181855,12869.94094275,0.00068762
1514711009,0.037,12872.97297297,0.00023559
1514711010,0.03273906,12882.09414294,0.00070855
1514711011,1.6616,12902.35357615,0.00157268
1514711012,0.0,12902.35357615,0.0
1514711013,0.0,12902.35357615,0.0
1514711014,0.0,12902.35357615,0.0
1514711015,0.0063499,12898.12,-0.00032812
1514711016,0.0,12898.12,0.0
1514711017,0.51430953,12898.1153117,-3.6e-07
1514711018,0.0,12898.1153117,0.0
1514711019,0.0,12898.1153117,0.0
1514711020,0.053,12890.23390382,-0.00061105
1514711021,0.0,12890.23390382,0.0
1514711022,0.015,12880.49354667,-0.00075564
1514711023,0.0,12880.49354667,0.0
1514711024,0.01394069,12875.26552488,-0.00040589
1514711025,0.0,12875.26552488,0.0
1514711026,0.0,12875.26552488,0.0
1514711027,0.01,12879.84,0.00035529
1514711028,0.08101465,12894.52385857,0.00114007
1514711029,0.0,12894.52385857,0.0
1514711030,0.336,12898.12,0.00027889
1514711031,0.00030761,12898.12,-0.0
1514711032,1.0991,12892.17220961,-0.00046114
1514711033,0.0,12892.17220961,0.0
1514711034,0.0,12892.17220961,0.0
1514711035,0.0,12892.17220961,0.0
1514711036,0.0,12892.17220961,0.0
1514711037,0.0,12892.17220961,0.0
1514711038,0.0,12892.17220961,0.0
1514711039,0.0,12892.17220961,0.0
1514711040,0.0,12892.17220961,0.0
1514711041,0.0,12892.17220961,0.0
1514711042,0.0,12892.17220961,0.0
1514711043,0.0,12892.17220961,0.0
1514711044,0.0,12892.17220961,0.0
1514711045,0.091,12884.02,-0.00063234
1514711046,0.0,12884.02,0.0
1514711047,0.0,12884.02,0.0
1514711048,0.0,12884.02,0.0
1514711049,0.00774219,12884.03,7.8e-07
1514711050,0.0,12884.03,0.0
1514711051,0.000775,12884.02,-7.8e-07
1514711052,0.0,12884.02,0.0
1514711053,0.0,12884.02,0.0
1514711054,0.0,12884.02,0.0
1514711055,0.0,12884.02,0.0
1514711056,0.0,12884.02,0.0
1514711057,0.302,12884.03,7.8e-07
1514711058,0.0,12884.03,0.0
1514711059,0.0,12884.03,0.0
1514711060,0.00035073,12884.02,-7.8e-07
1514711061,0.0,12884.02,0.0
1514711062,0.0,12884.02,0.0
1514711063,0.0,12884.02,0.0
1514711064,0.0,12884.02,0.0
1514711065,0.0,12884.02,0.0
1514711066,0.0,12884.02,0.0
1514711067,0.0,12884.02,0.0
1514711068,0.0,12884.02,0.0
1514711069,0.0,12884.02,0.0
1514711070,0.0,12884.02,0.0
1514711071,0.0,12884.02,0.0
1514711072,0.0,12884.02,0.0
1514711073,0.0,12884.02,0.0
1514711074,0.0,12884.02,0.0
1514711075,0.0,12884.02,0.0
1514711076,0.0,12884.02,0.0
1514711077,0.0,12884.02,0.0
1514711078,0.0,12884.02,0.0
1514711079,0.0,12884.02,0.0
1514711080,0.0,12884.02,0.0
1514711081,0.99952696,12883.90999225,-8.54e-06
1514711082,1.205,12883.91,0.0
1514711083,0.0,12883.91,0.0
1514711084,0.0,12883.91,0.0
1514711085,0.0,12883.91,0.0
1514711086,0.0,12883.91,0.0
1514711087,0.0,12883.91,0.0
1514711088,0.0,12883.91,0.0
1514711089,0.0,12883.91,0.0
1514711090,0.0,12883.91,0.0
1514711091,0.0,12883.91,0.0
1514711092,0.0,12883.91,0.0
1514711093,0.0,12883.91,0.0
1514711094,0.016,12880.29920906,-0.00028026
1514711095,0.0,12880.29920906,0.0
1514711096,0.0,12880.29920906,0.0
1514711097,0.0,12880.29920906,0.0
1514711098,0.0,12880.29920906,0.0
1514711099,0.4851,12881.18,6.838e-05
1514711100,0.0,12881.18,0.0
1514711101,0.0,12881.18,0.0
1514711102,0.0,12881.18,0.0
1514711103,0.0,12881.18,0.0
1514711104,0.0,12881.18,0.0
1514711105,0.0,12881.18,0.0
1514711106,0.01268135,12876.33507868,-0.00037612
1514711107,0.0,12876.33507868,0.0
1514711108,0.0,12876.33507868,0.0
1514711109,0.0006,12875.01,-0.00010291
1514711110,0.0,12875.01,0.0
1514711111,0.0,12875.01,0.0
1514711112,0.0,12875.01,0.0
1514711113,0.0,12875.01,0.0
1514711114,0.01650348,12870.01633562,-0.00038786
1514711115,0.5159,12874.441541,0.00034384
1514711116,0.0,12874.441541,0.0
1514711117,0.39221576,12853.8395224,-0.00160023
1514711118,0.0,12853.8395224,0.0
1514711119,0.0,12853.8395224,0.0
1514711120,0.02,12860.02,0.00048083
1514711121,0.0,12860.02,0.0
1514711122,0.0,12860.02,0.0
1514711123,0.0,12860.02,0.0
1514711124,0.03815065,12860.02,0.0
1514711125,0.0,12860.02,0.0
1514711126,0.0,12860.02,0.0
1514711127,0.0,12860.02,0.0
1514711128,0.0,12860.02,0.0
1514711129,0.66055416,12856.80534551,-0.00024997
1514711130,0.0,12856.80534551,0.0
1514711131,0.0,12856.80534551,0.0
1514711132,0.195,12856.8,-4.2e-07
1514711133,0.0106,12856.73396226,-5.14e-06
1514711134,0.0,12856.73396226,0.0
1514711135,0.64334,12851.17300903,-0.00043253
1514711136,0.0011,12852.21,8.069e-05
1514711137,0.0,12852.21,0.0
1514711138,0.0,12852.21,0.0
1514711139,0.2449,12852.0,-1.634e-05
1514711140,0.0,12852.0,0.0
1514711141,0.01160303,12850.02,-0.00015406
1514711142,1.78978066,12849.14705938,-6.793e-05
1514711143,0.0,12849.14705938,0.0
1514711144,0.0,12849.14705938,0.0
1514711145,0.103,12846.81743784,-0.00018131
1514711146,0.0,12846.81743784,0.0
1514711147,0.0,12846.81743784,0.0
1514711148,0.10336635,12838.37711482,-0.000657
1514711149,0.107,12830.45345449,-0.00061719
1514711150,0.1,12840.0,0.00074405
1514711151,0.0,12840.0,0.0
1514711152,0.0,12840.0,0.0
1514711153,0.0,12840.0,0.0
1514711154,0.0,12840.0,0.0
1514711155,0.0,12840.0,0.0
1514711156,0.01147964,12834.01,-0.00046651
1514711157,0.02316422,12826.6097384,-0.00057661
1514711158,0.00707815,12833.84,0.00056369
1514711159,0.0,12833.84,0.0
1514711160,0.0,12833.84,0.0
1514711161,1.2212,12833.45962888,-2.964e-05
1514711162,0.0,12833.45962888,0.0
1514711163,2.1468628,12820.08587074,-0.0010421
1514711164,0.5,12820.05,-2.8e-06
1514711165,0.0,12820.05,0.0
1514711166,0.0,12820.05,0.0
1514711167,0.05003517,12820.01,-3.12e-06
1514711168,0.00602758,12820.01,0.0
1514711169,0.07735811,12820.01,-0.0
1514711170,0.579,12820.01,0.0
1514711171,0.25961925,12820.00037051,-7.5e-07
1514711172,1.301551,12812.12066118,-0.00061464
1514711173,0.02552582,12817.77,0.00044094
1514711174,0.0,12817.77,0.0
1514711175,0.12579416,12817.77,0.0
1514711176,0.12,12817.76,-7.8e-07
1514711177,0.1271,12817.77,7.8e-07
1514711178,0.0,12817.77,0.0
1514711179,0.0,12817.77,0.0
1514711180,0.10976673,12817.77,0.0
1514711181,0.24608987,12817.77,0.0
1514711182,2.18027152,12817.76931201,-5e-08
1514711183,0.0,12817.76931201,0.0
1514711184,0.01,12817.77,5e-08
1514711185,0.0,12817.77,0.0
1514711186,0.0,12817.77,0.0
1514711187,0.51,12817.76,-7.8e-07
1514711188,0.0,12817.76,0.0
1514711189,0.0,12817.76,0.0
1514711190,0.21,12817.76,0.0
1514711191,0.00533248,12817.77,7.8e-07
1514711192,0.30358704,12817.76987986,-1e-08
1514711193,0.14640643,12817.76180364,-6.3e-07
1514711194,0.1722581,12814.77986815,-0.00023264
1514711195,0.00255947,12817.77,0.00023333
1514711196,0.0,12817.77,0.0
1514711197,0.0,12817.77,0.0
1514711198,0.0,12817.77,0.0
1514711199,0.04797568,12812.83,-0.0003854
1514711200,0.08,12812.83,-0.0
1514711201,0.02,12811.01,-0.00014205
1514711202,0.0696,12811.00862068,-1.1e-07
1514711203,2.42,12811.2,1.494e-05
1514711204,0.0,12811.2,0.0
1514711205,0.0,12811.2,0.0
1514711206,0.37,12811.0,-1.561e-05
1514711207,0.00975146,12810.0,-7.806e-05
1514711208,5.40316074,12809.98593416,-1.1e-06
1514711209,0.0,12809.98593416,0.0
1514711210,0.0,12809.98593416,0.0
1514711211,0.00778808,12808.11,-0.00014644
1514711212,0.35,12808.1,-7.8e-07
1514711213,0.0,12808.1,0.0
1514711214,0.0,12808.1,0.0
1514711215,2.4929,12806.70268338,-0.0001091
1514711216,23.07984926,12800.91069162,-0.00045226
1514711217,0.0,12800.91069162,0.0
1514711218,0.0,12800.91069162,0.0
1514711219,12.84704655,12799.95791599,-7.443e-05
1514711220,4.47058792,12789.32054402,-0.00083105
1514711221,1.0528,12789.00343655,-2.479e-05
1514711222,10.56852131,12771.48171771,-0.00137006
1514711223,0.0,12771.48171771,0.0
1514711224,0.84979143,12784.99,0.00105769
1514711225,0.02187879,12784.99,0.0
1514711226,0.0,12784.99,0.0
1514711227,0.0,12784.99,0.0
1514711228,0.33602541,12784.99,-0.0
1514711229,0.48592043,12784.99,0.0
1514711230,0.1557157,12784.99,-0.0
1514711231,0.0,12784.99,0.0
1514711232,0.30887962,12784.99,0.0
