time,volume,price,change
1514654984,0.02,12930.401,
1514654985,0.0,12930.401,0.0
1514654986,0.0,12930.401,0.0
1514654987,1.0,12930.0,-3.101e-05
1514654988,0.01994332,12939.90382745,0.00076596
1514654989,0.0,12939.90382745,0.0
1514654990,0.0,12939.90382745,0.0
1514654991,0.05,12930.02,-0.00076383
1514654992,0.04212985,12930.02,0.0
1514654993,0.0,12930.02,0.0
1514654994,0.0,12930.02,0.0
1514654995,0.09257584,12930.02,-0.0
1514654996,0.7,12930.01,-7.7e-07
1514654997,0.47505728,12930.01137145,1.1e-07
1514654998,0.0,12930.01137145,0.0
1514654999,0.0,12930.01137145,0.0
1514655000,0.3,12930.0,-8.8e-07
1514655001,0.09202169,12930.01,7.7e-07
1514655002,0.0,12930.01,0.0
1514655003,0.35,12930.00142857,-6.6e-07
1514655004,0.05818144,12930.01,6.6e-07
1514655005,10.96353373,12931.92728016,0.00014828
1514655006,0.03,12940.72283333,0.00068014
1514655007,1.1e-07,12946.15,0.00041939
1514655008,1.14453681,12941.32315421,-0.00037284
1514655009,0.0,12941.32315421,0.0
1514655010,0.0,12941.32315421,0.0
1514655011,0.0,12941.32315421,0.0
1514655012,0.0,12941.32315421,0.0
1514655013,0.0,12941.32315421,0.0
1514655014,0.08132089,12943.78,0.00018985
1514655015,0.0,12943.78,0.0
1514655016,0.00770645,12943.78,0.0
1514655017,0.02263622,12943.78,-0.0
1514655018,0.0,12943.78,0.0
1514655019,0.0,12943.78,0.0
1514655020,0.0,12943.78,0.0
1514655021,0.0,12943.78,0.0
1514655022,1.2548424,12943.78,0.0
1514655023,0.0,12943.78,0.0
1514655024,0.2927,12943.77,-7.7e-07
1514655025,0.0,12943.77,0.0
1514655026,0.08356344,12943.78,7.7e-07
1514655027,0.0,12943.78,0.0
1514655028,0.0,12943.78,0.0
1514655029,0.0,12943.78,0.0
1514655030,0.0,12943.78,0.0
1514655031,0.0,12943.78,0.0
1514655032,0.0,12943.78,0.0
1514655033,0.0,12943.78,0.0
1514655034,0.0,12943.78,0.0
1514655035,0.0,12943.78,0.0
1514655036,1.04155088,12943.78,0.0
1514655037,0.01125142,12943.78,-0.0
1514655038,0.0,12943.78,0.0
1514655039,0.0,12943.78,0.0
1514655040,0.0,12943.78,0.0
1514655041,0.0,12943.78,0.0
1514655042,0.0,12943.78,0.0
1514655043,0.0,12943.78,0.0
1514655044,0.0,12943.78,0.0
1514655045,0.0,12943.78,0.0
1514655046,23.25942405,12937.5089493,-0.00048448
1514655047,0.03087836,12943.76,0.00048317
1514655048,1.1e-07,12930.01,-0.00106229
1514655049,0.02,12930.02,7.7e-07
1514655050,0.068202,12930.02,0.0
1514655051,0.19286633,12930.02,0.0
1514655052,0.03849675,12930.01909083,-7e-08
1514655053,0.0,12930.01909083,0.0
1514655054,0.0,12930.01909083,0.0
1514655055,0.0,12930.01909083,0.0
1514655056,0.01,12930.02,7e-08
1514655057,0.0,12930.02,0.0
1514655058,0.0,12930.02,0.0
1514655059,0.0,12930.02,0.0
1514655060,0.04,12930.02,0.0
1514655061,0.0,12930.02,0.0
1514655062,7.714e-05,12930.02,-0.0
1514655063,0.0,12930.02,0.0
1514655064,0.0,12930.02,0.0
1514655065,2.2458,12930.87708529,6.629e-05
1514655066,0.0,12930.87708529,0.0
1514655067,0.00385636,12933.25,0.00018351
1514655068,0.0,12933.25,0.0
1514655069,0.0,12933.25,0.0
1514655070,0.0,12933.25,0.0
1514655071,0.0,12933.25,0.0
1514655072,0.0,12933.25,0.0
1514655073,0.28825288,12933.24,-7.7e-07
1514655074,0.0,12933.24,0.0
1514655075,0.0,12933.24,0.0
1514655076,0.0,12933.24,0.0
1514655077,0.06,12933.25,7.7e-07
1514655078,0.0,12933.25,0.0
1514655079,0.0,12933.25,0.0
1514655080,0.0,12933.25,0.0
1514655081,0.01542545,12933.25,-0.0
1514655082,0.30850918,12933.25,0.0
1514655083,0.0,12933.25,0.0
1514655084,0.0,12933.25,0.0
1514655085,0.00689363,12933.25,0.0
1514655086,0.06671499,12933.25,0.0
1514655087,0.0,12933.25,0.0
1514655088,5.8174,12940.67681158,0.00057424
1514655089,0.0,12940.67681158,0.0
1514655090,0.03855403,12936.47,-0.00032508
1514655091,0.0,12936.47,0.0
1514655092,0.0,12936.47,0.0
1514655093,0.0,12936.47,0.0
1514655094,0.53014933,12936.46,-7.7e-07
1514655095,0.06831543,12936.47,7.7e-07
1514655096,0.19052783,12936.47,0.0
1514655097,0.0,12936.47,0.0
1514655098,0.0,12936.47,0.0
1514655099,0.0,12936.47,0.0
1514655100,2.10928377,12936.91143213,3.412e-05
1514655101,0.0,12936.91143213,0.0
1514655102,0.0,12936.91143213,0.0
1514655103,0.0,12936.91143213,0.0
1514655104,0.0,12936.91143213,0.0
1514655105,0.37268746,12946.15,0.00071412
1514655106,0.0,12946.15,0.0
1514655107,4.0961353,12947.80589492,0.00012791
1514655108,0.2253145,12953.89318745,0.00047014
1514655109,0.0,12953.89318745,0.0
1514655110,0.0,12953.89318745,0.0
1514655111,0.0,12953.89318745,0.0
1514655112,0.0,12953.89318745,0.0
1514655113,0.0,12953.89318745,0.0
1514655114,0.10792693,12954.26,2.832e-05
1514655115,0.0,12954.26,0.0
1514655116,0.0,12954.26,0.0
1514655117,0.04720127,12954.26978814,7.6e-07
1514655118,0.0,12954.26978814,0.0
1514655119,0.19,12954.26,-7.6e-07
1514655120,0.0,12954.26,0.0
1514655121,0.0,12954.26,0.0
1514655122,0.01238041,12954.26,-0.0
1514655123,0.0,12954.26,0.0
1514655124,0.0,12954.26,0.0
1514655125,3.3755,12954.27,7.7e-07
1514655126,0.09963722,12954.27,0.0
1514655127,0.0,12954.27,0.0
1514655128,0.07700211,12954.27,0.0
1514655129,0.0,12954.27,0.0
1514655130,0.0,12954.27,0.0
1514655131,0.0,12954.27,0.0
1514655132,0.0,12954.27,0.0
1514655133,0.2,12954.26,-7.7e-07
1514655134,0.038,12954.26,0.0
1514655135,0.10302575,12954.27,7.7e-07
1514655136,0.33770606,12954.26,-7.7e-07
1514655137,0.0,12954.26,0.0
1514655138,0.0,12954.26,0.0
1514655139,0.0,12954.26,0.0
1514655140,0.2,12954.2576516,-1.8e-07
1514655141,2.42733766,12954.26,1.8e-07
1514655142,0.17274885,12954.26,0.0
1514655143,1.71717587,12954.25736175,-2e-07
1514655144,0.0,12954.25736175,0.0
1514655145,0.0,12954.25736175,0.0
1514655146,0.2,12954.25,-5.7e-07
1514655147,0.0,12954.25,0.0
1514655148,0.0,12954.25,0.0
1514655149,0.0,12954.25,0.0
1514655150,0.2,12954.25,0.0
1514655151,0.0,12954.25,0.0
1514655152,0.10164286,12954.26,7.7e-07
1514655153,0.01848052,12954.26,0.0
1514655154,0.26798682,12954.26,-0.0
1514655155,0.2,12954.25,-7.7e-07
1514655156,0.0,12954.25,0.0
1514655157,0.0,12954.25,0.0
1514655158,0.2,12954.25,0.0
1514655159,0.0,12954.25,0.0
1514655160,0.2,12954.25,0.0
1514655161,0.11821586,12954.25,-0.0
1514655162,0.0,12954.25,0.0
1514655163,0.2,12954.25,0.0
1514655164,0.0,12954.25,0.0
1514655165,0.0,12954.25,0.0
1514655166,4.4635,12954.26,7.7e-07
1514655167,0.0,12954.26,0.0
1514655168,0.21,12954.25,-7.7e-07
1514655169,0.0,12954.25,0.0
1514655170,0.0,12954.25,0.0
1514655171,0.0,12954.25,0.0
1514655172,0.200776,12954.25,0.0
1514655173,0.00027043,12954.25,-0.0
1514655174,0.0,12954.25,0.0
1514655175,0.0,12954.25,0.0
1514655176,0.0,12954.25,0.0
1514655177,0.0,12954.25,0.0
1514655178,0.2,12954.25,0.0
1514655179,0.0,12954.25,0.0
1514655180,0.0,12954.25,0.0
1514655181,0.2,12954.25,0.0
1514655182,0.0,12954.25,0.0
1514655183,0.20077002,12954.25003835,0.0
1514655184,0.0,12954.25003835,0.0
1514655185,0.0,12954.25003835,0.0
1514655186,0.07700217,12954.26,7.7e-07
1514655187,0.0,12954.26,0.0
1514655188,0.2,12954.25,-7.7e-07
1514655189,0.0,12954.25,0.0
1514655190,3.1659,12954.26,7.7e-07
1514655191,1.20102666,12954.27611843,1.24e-06
1514655192,0.082,12954.87810976,4.647e-05
1514655193,0.0,12954.87810976,0.0
1514655194,0.24812636,12954.25193959,-4.833e-05
1514655195,0.0,12954.25193959,0.0
1514655196,1.54069795,12954.25795705,4.6e-07
1514655197,0.2,12954.25,-6.1e-07
1514655198,0.07700217,12954.26,7.7e-07
1514655199,0.0,12954.26,0.0
1514655200,0.01075489,12954.26,0.0
1514655201,0.2,12954.25,-7.7e-07
1514655202,0.0,12954.25,0.0
1514655203,0.02682909,12954.26,7.7e-07
1514655204,1.40546912,12954.25758088,-1.9e-07
1514655205,0.051,12954.25,-5.9e-07
1514655206,7.7e-05,12954.26,7.7e-07
1514655207,0.0,12954.26,0.0
1514655208,0.66135161,12954.25697589,-2.3e-07
1514655209,0.0,12954.25697589,0.0
1514655210,0.0,12954.25697589,0.0
1514655211,0.0,12954.25697589,0.0
1514655212,3.73974202,12957.19873988,0.00022709
1514655213,0.3544118,12959.99435685,0.00021576
1514655214,0.0,12959.99435685,0.0
1514655215,0.0,12959.99435685,0.0
1514655216,0.0,12959.99435685,0.0
1514655217,0.0,12959.99435685,0.0
1514655218,0.0,12959.99435685,0.0
1514655219,0.35316646,12959.99433695,-0.0
1514655220,0.0,12959.99433695,0.0
1514655221,0.2,12959.99,-3.3e-07
1514655222,0.0,12959.99,0.0
1514655223,0.0,12959.99,0.0
1514655224,0.0,12959.99,0.0
1514655225,0.0057726,12960.0,7.7e-07
1514655226,0.2,12959.99,-7.7e-07
1514655227,0.1,12960.0,7.7e-07
1514655228,0.0,12960.0,0.0
1514655229,1.21539366,12957.34188742,-0.0002051
1514655230,11.13095966,12960.6380281,0.00025438
1514655231,0.0,12960.6380281,0.0
1514655232,0.89044729,12966.08936347,0.00042061
1514655233,4.265,12964.27846057,-0.00013966
1514655234,0.0,12964.27846057,0.0
1514655235,0.0,12964.27846057,0.0
1514655236,0.2,12963.09,-9.167e-05
1514655237,0.0,12963.09,0.0
1514655238,0.0,12963.09,0.0
1514655239,4.82362545,12964.26582746,9.071e-05
1514655240,0.30778917,12963.5,-5.907e-05
1514655241,0.0,12963.5,0.0
1514655242,0.2,12963.49,-7.7e-07
1514655243,0.0,12963.49,0.0
1514655244,0.10003148,12963.5,7.7e-07
1514655245,0.0,12963.5,0.0
1514655246,0.5,12963.49,-7.7e-07
1514655247,0.0,12963.49,0.0
1514655248,0.03847364,12963.5,7.7e-07
1514655249,0.20076947,12963.49003833,-7.7e-07
1514655250,0.00692525,12963.5,7.7e-07
1514655251,1.64073635,12963.5,0.0
1514655252,0.0,12963.5,0.0
1514655253,0.0,12963.5,0.0
1514655254,3.1512,12963.49936532,-5e-08
1514655255,0.25376967,12963.36778063,-1.015e-05
1514655256,0.2,12962.0715438,-9.999e-05
1514655257,0.01539007,12962.98,7.009e-05
1514655258,5.0,12954.92607742,-0.0006213
1514655259,0.08,12960.02,0.0003932
1514655260,0.2,12960.02,0.0
1514655261,0.0,12960.02,0.0
1514655262,0.0,12960.02,0.0
1514655263,0.0,12960.02,0.0
1514655264,0.0,12960.02,0.0
1514655265,1.14464693,12960.00313701,-1.3e-06
1514655266,0.0,12960.00313701,0.0
1514655267,1.0,12954.35,-0.0004362
1514655268,0.2,12954.25,-7.72e-06
1514655269,0.0,12954.25,0.0
1514655270,0.0,12954.25,0.0
1514655271,0.33697495,12954.25,-0.0
1514655272,0.0,12954.25,0.0
1514655273,0.03523748,12954.24,-7.7e-07
1514655274,0.2,12954.01985178,-1.699e-05
1514655275,0.0,12954.01985178,0.0
1514655276,0.0,12954.01985178,0.0
1514655277,0.2,12954.0,-1.53e-06
1514655278,1.66261793,12954.00844271,6.5e-07
1514655279,1.25178214,12953.97218192,-2.8e-06
1514655280,0.2,12950.4332781,-0.00027319
1514655281,0.02635648,12950.01,-3.268e-05
1514655282,0.000772,12950.0,-7.7e-07
1514655283,0.5,12950.0,0.0
1514655284,0.01000011,12950.0,0.0
1514655285,0.27702744,12950.0027805,2.1e-07
1514655286,0.0,12950.0027805,0.0
1514655287,0.4662021,12950.0,-2.1e-07
1514655288,0.2,12948.3301166,-0.00012895
1514655289,0.07702749,12950.00251597,0.00012916
1514655290,0.19829366,12950.01,5.8e-07
1514655291,0.2,12950.0,-7.7e-07
1514655292,0.01853126,12950.01,7.7e-07
1514655293,0.03851372,12950.01,0.0
1514655294,0.5,12950.0,-7.7e-07
1514655295,0.0,12950.0,0.0
1514655296,0.0,12950.0,0.0
1514655297,0.0,12950.0,0.0
1514655298,0.2,12950.0,0.0
1514655299,0.3,12950.0,0.0
1514655300,0.1364118,12950.01,7.7e-07
1514655301,5.19227372,12941.22074255,-0.00067871
1514655302,0.0,12941.22074255,0.0
1514655303,0.3997,12933.02874248,-0.00063302
1514655304,0.2,12930.43610319,-0.00020047
1514655305,0.96825909,12932.1279845,0.00013084
1514655306,0.28619331,12930.13,-0.0001545
1514655307,0.2,12930.12,-7.7e-07
1514655308,0.33045895,12930.13,7.7e-07
1514655309,0.31144996,12930.12,-7.7e-07
1514655310,0.2,12930.12,0.0
1514655311,0.0,12930.12,0.0
1514655312,0.12193763,12930.12,0.0
1514655313,0.2,12930.12,0.0
1514655314,0.0,12930.12,0.0
1514655315,1.04146934,12930.13,7.7e-07
1514655316,0.2,12930.12,-7.7e-07
1514655317,0.22151424,12930.12,0.0
1514655318,0.36405842,12930.12450638,3.5e-07
1514655319,0.3,12930.12,-3.5e-07
1514655320,0.0,12930.12,0.0
1514655321,0.2,12930.12,0.0
1514655322,0.0,12930.12,0.0
1514655323,0.14571881,12930.13,7.7e-07
1514655324,0.35429175,12930.12435493,-4.4e-07
1514655325,0.0,12930.12435493,0.0
1514655326,0.0,12930.12435493,0.0
1514655327,4.51666832,12930.12726708,2.3e-07
1514655328,0.0,12930.12726708,0.0
1514655329,0.0,12930.12726708,0.0
1514655330,0.2,12930.12,-5.6e-07
1514655331,0.0,12930.12,0.0
1514655332,0.0,12930.12,0.0
1514655333,0.2,12930.12,0.0
1514655334,0.0,12930.12,0.0
1514655335,0.08,12930.13,7.7e-07
1514655336,0.02971427,12930.13,0.0
1514655337,0.2,12930.12,-7.7e-07
1514655338,0.0,12930.12,0.0
1514655339,0.01406728,12930.12,0.0
1514655340,0.2,12930.12,0.0
1514655341,0.0,12930.12,0.0
1514655342,0.0,12930.12,0.0
1514655343,0.31,12930.12,0.0
1514655344,0.0,12930.12,0.0
1514655345,0.0,12930.12,0.0
1514655346,0.2,12930.12,0.0
1514655347,0.0,12930.12,0.0
1514655348,0.0,12930.12,0.0
1514655349,0.20192864,12930.12009551,1e-08
1514655350,0.0,12930.12009551,0.0
1514655351,0.0,12930.12009551,0.0
1514655352,2.7124,12930.64489105,4.059e-05
1514655353,0.0,12930.64489105,0.0
1514655354,0.33314573,12934.36,0.00028731
1514655355,0.2,12934.36,0.0
1514655356,0.0,12934.36,0.0
1514655357,0.0,12934.36,0.0
1514655358,0.2,12934.36,0.0
1514655359,0.0,12934.36,0.0
1514655360,0.0,12934.36,0.0
1514655361,0.2,12934.36,0.0
1514655362,0.0,12934.36,0.0
1514655363,0.0,12934.36,0.0
1514655364,0.27519257,12934.36273236,2.1e-07
1514655365,0.0,12934.36273236,0.0
1514655366,0.0,12934.36273236,0.0
1514655367,0.2,12934.36,-2.1e-07
1514655368,0.0,12934.36,0.0
1514655369,1.4971,12931.23972793,-0.00024124
1514655370,0.00077121,12934.18,0.00022738
1514655371,1.79338945,12930.00860207,-0.00032251
1514655372,0.2,12930.005,-2.8e-07
1514655373,0.46233725,12930.00667449,1.3e-07
1514655374,0.34022718,12930.0,-5.2e-07
1514655375,0.0,12930.0,0.0
1514655376,0.0,12930.0,0.0
1514655377,0.21,12930.00047619,4e-08
1514655378,0.0,12930.00047619,0.0
1514655379,0.07712011,12930.01,7.4e-07
1514655380,0.2,12930.0,-7.7e-07
1514655381,0.00115719,12930.01,7.7e-07
1514655382,0.0,12930.01,0.0
1514655383,0.2,12930.0,-7.7e-07
1514655384,0.0,12930.0,0.0
1514655385,0.2,12930.0,-0.0
1514655386,0.0,12930.0,0.0
1514655387,0.0,12930.0,0.0
1514655388,0.2,12930.0,0.0
1514655389,0.0,12930.0,0.0
1514655390,0.0,12930.0,0.0
1514655391,3.00294356,12930.00913537,7.1e-07
1514655392,0.0,12930.00913537,0.0
1514655393,0.0,12930.00913537,0.0
1514655394,0.2,12930.0,-7.1e-07
1514655395,0.0,12930.0,0.0
1514655396,0.0,12930.0,0.0
1514655397,0.2,12930.0,0.0
1514655398,0.0,12930.0,0.0
1514655399,0.02021472,12930.01,7.7e-07
1514655400,0.2,12930.0,-7.7e-07
1514655401,0.0,12930.0,0.0
1514655402,0.0,12930.0,0.0
1514655403,0.2,12930.0,0.0
1514655404,0.01287641,12930.0,0.0
1514655405,0.0,12930.0,0.0
1514655406,0.2,12930.0,0.0
1514655407,0.03857329,12930.01,7.7e-07
1514655408,0.0,12930.01,0.0
1514655409,0.2,12930.0,-7.7e-07
1514655410,0.8586,12930.01,7.7e-07
1514655411,0.77146594,12930.01,0.0
1514655412,0.2,12930.0,-7.7e-07
1514655413,0.0,12930.0,0.0
1514655414,0.00385732,12930.01,7.7e-07
1514655415,0.42855,12930.0,-7.7e-07
1514655416,0.1,12930.0,0.0
1514655417,0.2,12930.0,0.0
1514655418,0.0,12930.0,0.0
1514655419,0.0,12930.0,0.0
1514655420,0.2,12930.0,0.0
1514655421,0.0,12930.0,0.0
1514655422,0.02451309,12930.00968507,7.5e-07
1514655423,0.01,12930.01,2e-08
1514655424,0.0,12930.01,0.0
1514655425,0.25785994,12930.00224385,-6e-07
1514655426,0.0,12930.00224385,0.0
1514655427,3.727,12930.01,6e-07
1514655428,0.27182283,12930.01,0.0
1514655429,0.01691797,12930.01,0.0
1514655430,0.0,12930.01,0.0
1514655431,0.2,12930.0,-7.7e-07
1514655432,0.000772,12930.0,0.0
1514655433,0.0,12930.0,0.0
1514655434,0.2,12930.0,0.0
1514655435,0.0,12930.0,0.0
1514655436,0.0,12930.0,0.0
1514655437,0.26029545,12930.00231642,1.8e-07
1514655438,0.32840599,12930.01,5.9e-07
1514655439,0.23911411,12930.00163579,-6.5e-07
1514655440,1.03094672,12930.00993497,6.4e-07
1514655441,0.0,12930.00993497,0.0
1514655442,0.2,12930.0,-7.7e-07
1514655443,0.0,12930.0,0.0
1514655444,0.0,12930.0,0.0
1514655445,4.155,12930.0,-0.0
1514655446,0.0,12930.0,0.0
1514655447,1.6016,12930.01,7.7e-07
1514655448,0.20576207,12930.00028004,-7.5e-07
1514655449,0.03942875,12930.01,7.5e-07
1514655450,0.0,12930.01,0.0
1514655451,0.0,12930.01,0.0
1514655452,0.0,12930.01,0.0
1514655453,0.21,12930.00047619,-7.4e-07
1514655454,0.0,12930.00047619,0.0
1514655455,2.72123959,12927.68715614,-0.00017891
1514655456,0.54222853,12930.00631152,0.00017939
1514655457,0.40696697,12930.0,-4.9e-07
1514655458,0.32027027,12930.0,-0.0
1514655459,0.0,12930.0,0.0
1514655460,0.0,12930.0,0.0
1514655461,0.2,12930.0,0.0
1514655462,0.00509362,12930.00757285,5.9e-07
1514655463,0.00771465,12930.01,1.9e-07
1514655464,0.2,12930.0,-7.7e-07
1514655465,2.31439782,12930.01,7.7e-07
1514655466,2.5752,12930.01,0.0
1514655467,0.2,12930.0,-7.7e-07
1514655468,0.0,12930.0,0.0
1514655469,0.0,12930.0,0.0
1514655470,0.0,12930.0,0.0
1514655471,0.0,12930.0,0.0
1514655472,0.2,12930.0,0.0
1514655473,0.0,12930.0,0.0
1514655474,0.0,12930.0,0.0
1514655475,0.0,12930.0,0.0
1514655476,0.24411782,12930.00180723,1.4e-07
1514655477,0.0,12930.00180723,0.0
1514655478,0.0,12930.00180723,0.0
1514655479,0.0,12930.00180723,0.0
1514655480,0.0,12930.00180723,0.0
1514655481,0.0,12930.00180723,0.0
1514655482,1.7329,12930.00884587,5.4e-07
1514655483,0.0,12930.00884587,0.0
1514655484,0.0,12930.00884587,0.0
1514655485,0.0,12930.00884587,0.0
1514655486,0.2,12930.0,-6.8e-07
1514655487,0.0,12930.0,0.0
1514655488,0.0,12930.0,0.0
1514655489,0.2,12930.0,-0.0
1514655490,0.0,12930.0,0.0
1514655491,0.0,12930.0,0.0
1514655492,0.2,12930.0,0.0
1514655493,0.0,12930.0,0.0
1514655494,0.0,12930.0,0.0
1514655495,0.21478947,12930.00127251,1e-07
1514655496,0.2,12930.0,-1e-07
1514655497,0.0,12930.0,0.0
1514655498,0.0,12930.0,0.0
1514655499,0.10059915,12930.01,7.7e-07
1514655500,1.4837,12930.01,0.0
1514655501,0.2,12930.0,-7.7e-07
1514655502,0.0,12930.0,0.0
1514655503,0.0,12930.0,0.0
1514655504,0.2,12930.0,0.0
1514655505,0.0,12930.0,0.0
1514655506,0.0,12930.0,0.0
1514655507,0.2,12930.0,0.0
1514655508,0.0,12930.0,0.0
1514655509,0.2,12930.0,0.0
1514655510,0.15429095,12930.19702494,1.524e-05
1514655511,0.0,12930.19702494,0.0
1514655512,0.2,12930.99,6.133e-05
1514655513,0.0,12930.99,0.0
1514655514,0.0,12930.99,0.0
1514655515,0.2,12930.99,0.0
1514655516,0.0,12930.99,0.0
1514655517,0.0,12930.99,0.0
1514655518,0.0,12930.99,0.0
1514655519,0.0,12930.99,0.0
1514655520,0.2,12930.99,0.0
1514655521,0.03857034,12931.0,7.7e-07
1514655522,2.6753,12935.09897713,0.00031699
1514655523,1.06754351,12938.31388605,0.00024854
1514655524,0.37575235,12939.99,0.00012955
1514655525,0.0,12939.99,0.0
1514655526,1.07960238,12939.99814747,6.3e-07
1514655527,0.0,12939.99814747,0.0
1514655528,0.2,12939.99,-6.3e-07
1514655529,0.0,12939.99,0.0
1514655530,0.0,12939.99,0.0
1514655531,0.0,12939.99,0.0
1514655532,0.15416342,12940.89357556,6.983e-05
1514655533,0.2,12940.02,-6.751e-05
1514655534,0.30830121,12941.96962181,0.00015067
1514655535,0.0,12941.96962181,0.0
1514655536,0.2,12946.12789299,0.0003213
1514655537,0.0,12946.12789299,0.0
1514655538,0.0,12946.12789299,0.0
1514655539,3.93284546,12956.23298461,0.00078055
1514655540,0.26929973,12964.26,0.00061955
1514655541,0.01781079,12960.00629527,-0.00032811
1514655542,0.2,12950.44007319,-0.00073813
1514655543,0.15257573,12964.60944772,0.00109412
1514655544,0.0,12964.60944772,0.0
1514655545,0.97273259,12960.11189949,-0.00034691
1514655546,0.0,12960.11189949,0.0
1514655547,0.2,12943.57951551,-0.00127564
1514655548,0.03851375,12950.0,0.00049604
1514655549,0.0,12950.0,0.0
1514655550,0.0,12950.0,0.0
1514655551,0.2,12943.21051392,-0.00052428
1514655552,0.0,12943.21051392,0.0
1514655553,0.0,12943.21051392,0.0
1514655554,0.2,12943.5971717,2.987e-05
1514655555,0.0,12943.5971717,0.0
1514655556,0.0,12943.5971717,0.0
1514655557,0.2,12943.56596721,-2.41e-06
1514655558,0.0770647,12943.75007045,1.422e-05
1514655559,0.08,12943.75315844,2.4e-07
1514655560,2.6616,12943.77019946,1.32e-06
1514655561,0.0,12943.77019946,0.0
1514655562,0.21245054,12943.76065547,-7.4e-07
1514655563,0.01926132,12947.01,0.00025104
1514655564,0.0,12947.01,0.0
1514655565,0.2,12943.58513755,-0.00026453
1514655566,0.0,12943.58513755,0.0
1514655567,0.0,12943.58513755,0.0
1514655568,0.2,12943.68,7.33e-06
1514655569,0.0,12943.68,0.0
1514655570,0.0,12943.68,0.0
1514655571,0.2,12943.73,3.86e-06
1514655572,0.0,12943.73,0.0
1514655573,1.19029689,12949.14738382,0.00041853
1514655574,0.39827192,12951.76658445,0.00020227
1514655575,0.00387985,12955.20927819,0.00026581
1514655576,0.0,12955.20927819,0.0
1514655577,0.0,12955.20927819,0.0
1514655578,0.0111742,12949.31,-0.00045536
1514655579,0.2,12943.77,-0.00042782
1514655580,0.0,12943.77,0.0
1514655581,0.65133772,12961.67551611,0.00138333
1514655582,0.15386897,12965.65792877,0.00030725
1514655583,0.2,12950.0,-0.00120765
1514655584,0.07695057,12962.94713313,0.00099978
1514655585,2.3955,12970.3373199,0.0005701
1514655586,0.2,12951.080269,-0.0014847
1514655587,0.0,12951.080269,0.0
1514655588,0.0,12951.080269,0.0
1514655589,0.2,12951.7095,4.859e-05
1514655590,0.99995535,12968.16,0.00127014
1514655591,0.27694299,12955.01,-0.00101402
1514655592,0.2,12954.25522099,-5.826e-05
1514655593,0.000772,12950.01,-0.00032771
1514655594,0.0,12950.01,0.0
1514655595,0.2,12951.32000501,0.00010116
1514655596,4.81233653,12972.50086256,0.00163542
1514655597,0.0,12972.50086256,0.0
1514655598,0.2,12950.60942501,-0.00168753
1514655599,0.0,12950.60942501,0.0
1514655600,0.0,12950.60942501,0.0
1514655601,0.0,12950.60942501,0.0
1514655602,0.2,12950.01,-4.629e-05
1514655603,0.0,12950.01,0.0
1514655604,0.03848022,12961.28535786,0.00087068
1514655605,0.2,12951.46229549,-0.00075788
1514655606,0.0,12951.46229549,0.0
1514655607,0.0,12951.46229549,0.0
1514655608,0.2,12952.195,5.657e-05
1514655609,5.50558843,12971.49849524,0.00149036
1514655610,0.01,12979.69,0.0006315
1514655611,0.0209,12960.84789474,-0.00145166
1514655612,0.00824492,12960.0,-6.542e-05
1514655613,0.2,12956.43495924,-0.00027508
1514655614,0.0,12956.43495924,0.0
1514655615,1.00058258,12970.0,0.00104697
1514655616,0.20076908,12969.99003831,-7.7e-07
1514655617,0.098,12969.99,-0.0
1514655618,0.0,12969.99,0.0
1514655619,0.0,12969.99,0.0
1514655620,0.2,12960.0,-0.00077024
1514655621,0.0,12960.0,0.0
1514655622,0.0,12960.0,0.0
1514655623,0.2109,12960.00051683,4e-08
1514655624,0.0,12960.00051683,0.0
1514655625,0.0,12960.00051683,0.0
1514655626,0.447,12970.0,0.00077157
1514655627,0.0,12970.0,0.0
1514655628,0.2,12965.69535401,-0.00033189
1514655629,0.0,12965.69535401,0.0
1514655630,0.38428447,12978.74763963,0.00100668
1514655631,0.2,12953.8999,-0.00191449
1514655632,1.0067604,12979.58438163,0.00198276
1514655633,0.0,12979.58438163,0.0
1514655634,0.2,12960.0145,-0.00150774
1514655635,0.0,12960.0145,0.0
1514655636,0.2,12960.5998,4.516e-05
1514655637,0.0,12960.5998,0.0
1514655638,0.01161291,12970.34,0.00075152
1514655639,0.2,12970.33,-7.7e-07
1514655640,0.0,12970.33,0.0
1514655641,0.0,12970.33,0.0
1514655642,0.02386132,12970.33,0.0
1514655643,0.0,12970.33,0.0
1514655644,0.2,12970.33,0.0
1514655645,0.0,12970.33,0.0
1514655646,0.0,12970.33,0.0
1514655647,0.23460802,12962.32252011,-0.00061737
1514655648,0.0,12962.32252011,0.0
1514655649,4.3978,12975.79618584,0.00103945
1514655650,0.2,12960.00389649,-0.00121706
1514655651,0.0,12960.00389649,0.0
1514655652,0.0,12960.00389649,0.0
1514655653,0.2,12960.0,-3e-07
1514655654,0.11383808,12969.99,0.00077083
1514655655,0.0,12969.99,0.0
1514655656,0.2,12960.0,-0.00077024
1514655657,0.0509,12960.0,0.0
1514655658,0.0,12960.0,0.0
1514655659,0.20161401,12960.00008005,1e-08
1514655660,0.0,12960.00008005,0.0
1514655661,0.20007696,12960.00000385,-1e-08
1514655662,0.19626843,12960.01,7.7e-07
1514655663,0.0,12960.01,0.0
1514655664,0.0,12960.01,0.0
1514655665,0.0,12960.01,0.0
1514655666,1.7021,12960.00882498,-9e-08
1514655667,0.0,12960.00882498,0.0
1514655668,0.0,12960.00882498,0.0
1514655669,0.2,12960.0,-6.8e-07
1514655670,0.05,12960.0,-0.0
1514655671,0.02549719,12960.01,7.7e-07
1514655672,0.2,12960.0,-7.7e-07
1514655673,0.0,12960.0,0.0
1514655674,0.0,12960.0,0.0
1514655675,0.2,12960.0,0.0
1514655676,0.0,12960.0,0.0
1514655677,0.0,12960.0,0.0
1514655678,0.32067777,12955.03852794,-0.00038283
1514655679,0.3,12953.54219258,-0.0001155
1514655680,0.0,12953.54219258,0.0
1514655681,0.21,12950.0,-0.00027345
1514655682,0.0,12950.0,0.0
1514655683,1.10993221,12959.87116768,0.00076225
1514655684,0.28594947,12952.66408367,-0.00055611
1514655685,1.5861,12966.11436309,0.00103842
1514655686,0.0,12966.11436309,0.0
1514655687,0.0,12966.11436309,0.0
1514655688,2.63935215,12969.32250716,0.00024743
1514655689,0.0,12969.32250716,0.0
1514655690,0.0,12969.32250716,0.0
1514655691,0.2,12957.68,-0.0008977
1514655692,0.0,12957.68,0.0
1514655693,0.04160907,12958.92,9.57e-05
1514655694,0.2,12960.88,0.00015125
1514655695,0.0,12960.88,0.0
1514655696,0.0,12960.88,0.0
1514655697,0.2,12960.88,0.0
1514655698,0.02345434,12960.89,7.7e-07
1514655699,0.0,12960.89,0.0
1514655700,0.40727939,12969.0,0.00062573
1514655701,0.2,12968.99,-7.7e-07
1514655702,1.07488872,12973.99035099,0.00038556
1514655703,0.000772,12979.96,0.00046012
1514655704,0.2,12979.96,0.0
1514655705,0.0,12979.96,0.0
1514655706,0.8893,12979.97,7.7e-07
1514655707,0.0,12979.97,0.0
1514655708,0.2,12979.96,-7.7e-07
1514655709,0.0,12979.96,0.0
1514655710,0.15244521,12979.96957644,7.4e-07
1514655711,0.15369931,12979.97,3e-08
1514655712,2.72700213,12964.4743276,-0.00119381
1514655713,0.0,12964.4743276,0.0
1514655714,0.13695852,12958.84,-0.0004346
1514655715,0.21921735,12958.84,0.0
1514655716,0.0,12958.84,0.0
1514655717,0.0,12958.84,0.0
1514655718,0.0,12958.84,0.0
1514655719,0.0,12958.84,0.0
1514655720,0.0,12958.84,0.0
1514655721,0.27704515,12958.99482606,1.195e-05
1514655722,0.26169185,12959.98,7.602e-05
1514655723,0.0,12959.98,0.0
1514655724,0.28,12956.27885504,-0.00028558
1514655725,0.0,12956.27885504,0.0
1514655726,0.0,12956.27885504,0.0
1514655727,0.45,12957.10444138,6.372e-05
1514655728,2.3788,12958.68008422,0.0001216
1514655729,0.0,12958.68008422,0.0
1514655730,0.0,12958.68008422,0.0
1514655731,0.2,12958.84,1.234e-05
1514655732,0.06157455,12959.98,8.797e-05
1514655733,0.0,12959.98,0.0
1514655734,0.2,12955.08924377,-0.00037737
1514655735,0.0,12955.08924377,0.0
1514655736,0.12710821,12959.68,0.00035436
1514655737,0.0,12959.68,0.0
1514655738,0.2,12955.32298366,-0.0003362
1514655739,0.0,12955.32298366,0.0
1514655740,0.0,12955.32298366,0.0
1514655741,0.2,12951.10661986,-0.00032545
1514655742,0.0,12951.10661986,0.0
1514655743,0.0,12951.10661986,0.0
1514655744,0.0,12951.10661986,0.0
1514655745,0.0,12951.10661986,0.0
1514655746,0.41867648,12957.06522304,0.00046008
1514655747,0.0,12957.06522304,0.0
1514655748,0.0,12957.06522304,0.0
1514655749,2.71590314,12957.0692636,3.1e-07
1514655750,0.00769854,12957.07,6e-08
1514655751,0.0,12957.07,0.0
1514655752,1.63319279,12959.19281313,0.00016383
1514655753,0.0,12959.19281313,0.0
1514655754,0.0,12959.19281313,0.0
1514655755,0.2,12959.99,6.152e-05
1514655756,0.0,12959.99,0.0
1514655757,0.0,12959.99,0.0
1514655758,0.2,12959.99,0.0
1514655759,0.0,12959.99,0.0
1514655760,0.0,12959.99,0.0
1514655761,0.2,12959.99,0.0
1514655762,0.0,12959.99,0.0
1514655763,0.15393614,12960.0,7.7e-07
1514655764,0.2,12959.99,-7.7e-07
1514655765,0.0,12959.99,0.0
1514655766,0.0,12959.99,0.0
1514655767,0.04077882,12960.0,7.7e-07
1514655768,0.2,12958.89211757,-8.548e-05
1514655769,1.878,12959.91670322,7.906e-05
1514655770,0.0,12959.91670322,0.0
1514655771,0.2,12955.11178151,-0.00037075
1514655772,0.0076986,12956.98,0.00014421
1514655773,0.0,12956.98,0.0
1514655774,0.2,12951.10653632,-0.0004533
1514655775,0.0,12951.10653632,0.0
1514655776,0.0,12951.10653632,0.0
1514655777,0.0,12951.10653632,0.0
1514655778,0.15517185,12956.72992558,0.0004342
1514655779,0.2,12951.19038493,-0.00042754
1514655780,0.0,12951.19038493,0.0
1514655781,0.0,12951.19038493,0.0
1514655782,0.0,12951.19038493,0.0
1514655783,0.2,12951.19,-3e-08
1514655784,0.0,12951.19,0.0
1514655785,0.0,12951.19,0.0
1514655786,0.2,12951.19,0.0
1514655787,0.0,12951.19,0.0
1514655788,0.00189314,12951.19866566,6.7e-07
1514655789,0.0,12951.19866566,0.0
1514655790,0.04762623,12951.2,1e-07
1514655791,0.227,12951.19088106,-7e-07
1514655792,2.4961,12951.2,7e-07
1514655793,0.000772,12951.19,-7.7e-07
1514655794,0.24707724,12951.19,0.0
1514655795,0.0,12951.19,0.0
1514655796,0.0,12951.19,0.0
1514655797,0.0,12951.19,0.0
1514655798,0.2,12951.19,-0.0
1514655799,0.0,12951.19,0.0
1514655800,0.67322118,12951.2,7.7e-07
1514655801,0.00280413,12951.19,-7.7e-07
1514655802,0.2,12951.19,0.0
1514655803,0.0,12951.19,0.0
1514655804,0.49898325,12951.2,7.7e-07
1514655805,0.13635609,12951.2,0.0
1514655806,1.26088937,12951.19841382,-1.2e-07
1514655807,0.0,12951.19841382,0.0
1514655808,0.02,12951.2,1.2e-07
1514655809,0.0,12951.2,0.0
1514655810,0.0,12951.2,0.0
1514655811,0.2,12951.19,-7.7e-07
1514655812,0.0,12951.19,0.0
1514655813,0.6525,12951.2,7.7e-07
1514655814,0.02609835,12951.2,0.0
1514655815,0.0,12951.2,0.0
1514655816,0.2,12951.19,-7.7e-07
1514655817,0.0,12951.19,0.0
1514655818,0.0,12951.19,0.0
1514655819,0.01,12951.2,7.7e-07
1514655820,0.2,12951.19,-7.7e-07
1514655821,0.0,12951.19,0.0
1514655822,0.0,12951.19,0.0
1514655823,0.0,12951.19,0.0
1514655824,0.17702037,12951.2,7.7e-07
1514655825,0.2,12951.19,-7.7e-07
1514655826,0.26092884,12951.2,7.7e-07
1514655827,0.0,12951.2,0.0
1514655828,0.0,12951.2,0.0
1514655829,0.46436692,12951.19553062,-3.5e-07
1514655830,0.93587208,12951.20786296,9.5e-07
1514655831,1.0,12951.2,-6.1e-07
1514655832,0.02,12951.21,7.7e-07
1514655833,0.34856132,12951.20426213,-4.4e-07
1514655834,0.40361012,12951.2114507,5.6e-07
1514655835,0.0,12951.2114507,0.0
1514655836,0.0,12951.2114507,0.0
1514655837,3.031,12960.69159837,0.00073199
1514655838,0.0,12960.69159837,0.0
1514655839,0.3539284,12958.61651057,-0.00016011
1514655840,0.5,12957.05,-0.00012089
1514655841,0.41059593,12962.0,0.00038203
1514655842,0.0,12962.0,0.0
1514655843,0.67032442,12961.99089993,-7e-07
1514655844,0.0,12961.99089993,0.0
1514655845,0.0,12961.99089993,0.0
1514655846,0.15391239,12962.0,7e-07
1514655847,0.0,12962.0,0.0
1514655848,0.0,12962.0,0.0
1514655849,0.68299325,12961.99707171,-2.3e-07
1514655850,0.04771438,12962.0,2.3e-07
1514655851,0.14493752,12962.0,0.0
1514655852,0.0,12962.0,0.0
1514655853,0.0,12962.0,0.0
1514655854,0.0,12962.0,0.0
1514655855,0.04,12962.0,0.0
1514655856,2.62139426,12967.03255059,0.00038825
1514655857,0.75290662,12971.9046723,0.00037573
1514655858,0.0,12971.9046723,0.0
1514655859,0.0,12971.9046723,0.0
1514655860,0.48525501,12970.28375308,-0.00012496
1514655861,5.5983649,12979.30333302,0.0006954
1514655862,5.18422042,12979.60750632,2.344e-05
1514655863,9.43499505,12984.51109224,0.00037779
1514655864,11.46824219,12994.16114138,0.0007432
1514655865,83.00996073,13046.28057562,0.00401099
1514655866,1.39215887,13162.51302575,0.00890924
1514655867,2.66253175,13129.32578506,-0.00252135
1514655868,0.80520823,13028.03140317,-0.00771512
1514655869,0.12304833,13084.92405341,0.00436694
1514655870,0.06400017,13092.82935506,0.00060415
1514655871,0.65084058,13080.00887198,-0.0009792
1514655872,0.13551426,13080.00822897,-5e-08
1514655873,0.2,13059.73930779,-0.00154961
1514655874,0.00090675,13017.47,-0.00323661
1514655875,0.03897391,13017.47,0.0
1514655876,0.20690573,13017.46033376,-7.4e-07
1514655877,0.03449575,13017.47,7.4e-07
1514655878,0.3075,13017.46,-7.7e-07
1514655879,1.62360158,13017.46876817,6.7e-07
1514655880,4.17462119,13018.11604644,4.972e-05
1514655881,1.0794799,13041.11619347,0.00176678
1514655882,0.31832518,13079.90570649,0.0029744
1514655883,0.39441727,13070.00998043,-0.00075656
1514655884,0.19672532,13070.01,0.0
1514655885,0.53436031,13067.86066329,-0.00016445
1514655886,0.03816011,13070.01,0.00016448
1514655887,0.56299888,13055.89715572,-0.00107979
1514655888,0.37483279,13055.724586,-1.322e-05
1514655889,0.20590921,13055.75,1.95e-06
1514655890,0.0,13055.75,0.0
1514655891,0.2,13055.98,1.762e-05
1514655892,0.15264682,13069.46553672,0.0010329
1514655893,0.03816014,13069.99958071,4.086e-05
1514655894,0.51950367,13060.10538021,-0.00075702
1514655895,0.0038189,13060.11,3.5e-07
1514655896,0.57787203,13060.10134757,-6.6e-07
1514655897,0.03700411,13060.11,6.6e-07
1514655898,0.0,13060.11,0.0
1514655899,0.2,13060.1,-7.7e-07
1514655900,0.007736,13060.1,-0.0
1514655901,0.31909452,13060.1005984,5e-08
1514655902,3.1738409,13085.49454473,0.00194439
1514655903,0.0,13085.49454473,0.0
1514655904,0.5115858,13100.57205408,0.00115223
1514655905,0.0,13100.57205408,0.0
1514655906,0.3688308,13090.04,-0.00080394
1514655907,0.49560984,13090.03,-7.6e-07
1514655908,0.00191346,13090.04,7.6e-07
1514655909,1.96073181,13090.03897997,-8e-08
1514655910,0.02457561,13090.04,8e-08
1514655911,0.24201682,13090.04,0.0
1514655912,0.5,13090.03,-7.6e-07
1514655913,0.2,13090.03,0.0
1514655914,0.0841789,13090.04,7.6e-07
1514655915,0.00114723,13090.04,-0.0
1514655916,2.63838965,13090.03924196,-6e-08
1514655917,0.13719548,13090.04,6e-08
1514655918,3.88766816,13122.26643123,0.0024619
1514655919,0.29102224,13102.45271268,-0.00150993
1514655920,0.03389189,13105.48,0.00023105
1514655921,1.95628065,13105.47005112,-7.6e-07
1514655922,0.24838905,13105.47,-0.0
1514655923,0.05824846,13105.47986746,7.5e-07
1514655924,0.03779424,13105.48,1e-08
1514655925,0.0,13105.48,0.0
1514655926,1.0826,13105.47722889,-2.1e-07
1514655927,0.80129802,13105.47750405,2e-08
1514655928,0.0,13105.47750405,0.0
1514655929,0.0,13105.47750405,0.0
1514655930,0.2,13105.47,-5.7e-07
1514655931,0.52664911,13105.48,7.6e-07
1514655932,1.93189991,13112.60958185,0.00054402
1514655933,0.2,13115.7201,0.00023722
1514655934,0.24465836,13124.78466964,0.00069112
1514655935,0.22796506,13127.09354319,0.00017592
1514655936,2.33724715,13135.93858891,0.0006738
1514655937,0.73776936,13132.33018326,-0.0002747
1514655938,4.57611959,13149.39969652,0.00129981
1514655939,0.0,13149.39969652,0.0
1514655940,0.2,13129.66,-0.00150119
1514655941,0.0,13129.66,0.0
1514655942,0.0,13129.66,0.0
1514655943,0.22082729,13129.70094315,3.12e-06
1514655944,0.02462063,13129.71,6.9e-07
1514655945,0.01519464,13129.71,0.0
1514655946,0.26017609,13129.7023129,-5.9e-07
1514655947,0.0,13129.7023129,0.0
1514655948,0.00759732,13129.71,5.9e-07
1514655949,0.20230895,13129.7,-7.6e-07
1514655950,1.5533,13129.71,7.6e-07
1514655951,0.703,13129.7,-7.6e-07
1514655952,0.0,13129.7,0.0
1514655953,0.0,13129.7,0.0
1514655954,0.0,13129.7,0.0
1514655955,5.49494409,13129.71,7.6e-07
1514655956,0.2,13129.7,-7.6e-07
1514655957,0.0,13129.7,0.0
1514655958,0.0,13129.7,0.0
1514655959,0.2,13129.7,0.0
1514655960,0.0,13129.7,0.0
1514655961,0.0,13129.7,0.0
1514655962,0.0,13129.7,0.0
1514655963,0.2,13129.7,0.0
1514655964,0.0,13129.7,0.0
1514655965,0.1443491,13129.71,7.6e-07
1514655966,7.26315319,13129.70958696,-3e-08
1514655967,0.2,13129.7,-7.3e-07
1514655968,0.30759656,13129.70024697,2e-08
1514655969,0.50100586,13129.70600803,4.4e-07
1514655970,0.0,13129.70600803,0.0
1514655971,0.20342511,13129.71,3e-07
1514655972,0.0,13129.71,0.0
1514655973,5.3679357,13147.37167208,0.00134517
1514655974,0.39872851,13144.01124631,-0.0002556
1514655975,0.0,13144.01124631,0.0
1514655976,0.0,13144.01124631,0.0
1514655977,2.16054682,13135.43643266,-0.00065237
1514655978,0.0,13135.43643266,0.0
1514655979,0.0,13135.43643266,0.0
1514655980,0.31587929,13136.37366847,7.135e-05
1514655981,0.25,13136.37,-2.8e-07
1514655982,2.30933478,13136.38,7.6e-07
1514655983,0.0,13136.38,0.0
1514655984,0.74402079,13134.68995585,-0.00012865
1514655985,0.05513136,13130.1,-0.00034945
1514655986,0.00379854,13130.1,0.0
1514655987,0.0,13130.1,0.0
1514655988,0.0121166,13130.1,0.0
1514655989,0.2,13130.09,-7.6e-07
1514655990,0.0,13130.09,0.0
1514655991,0.04836462,13130.1,7.6e-07
1514655992,0.0,13130.1,0.0
1514655993,0.0,13130.1,0.0
1514655994,0.0,13130.1,0.0
1514655995,0.2,13130.09,-7.6e-07
1514655996,0.0,13130.09,0.0
1514655997,0.03190648,13130.09963706,7.3e-07
1514655998,1.18887535,13131.66276355,0.00011905
1514655999,0.2,13135.93,0.00032496
1514656000,0.0,13135.93,0.0
1514656001,0.0,13135.93,0.0
1514656002,0.0,13135.93,0.0
1514656003,0.0015924,13135.94,7.6e-07
1514656004,0.45,13135.93,-7.6e-07
1514656005,0.0,13135.93,0.0
1514656006,3.075,13135.94,7.6e-07
1514656007,0.0,13135.94,0.0
1514656008,0.28314513,13135.93003179,-7.6e-07
1514656009,0.5049163,13137.40162408,0.00011203
1514656010,0.0,13137.40162408,0.0
1514656011,0.0,13137.40162408,0.0
1514656012,0.2,13139.2,0.00013689
1514656013,0.0,13139.2,0.0
1514656014,0.0,13139.2,0.0
1514656015,0.0,13139.2,0.0
1514656016,1.15601297,13139.21,7.6e-07
1514656017,0.0,13139.21,0.0
1514656018,0.0,13139.21,0.0
1514656019,0.00751211,13139.21,-0.0
1514656020,0.00502351,13139.21,0.0
1514656021,1.77429999,13139.21986836,7.5e-07
1514656022,0.0,13139.21986836,0.0
1514656023,0.19737589,13139.9846868,5.821e-05
1514656024,0.0,13139.9846868,0.0
1514656025,3.48,13139.99040928,4.4e-07
1514656026,0.0,13139.99040928,0.0
1514656027,0.0,13139.99040928,0.0
1514656028,0.0,13139.99040928,0.0
1514656029,4.4596,13140.00058624,7.7e-07
1514656030,0.07587534,13146.64517401,0.00050568
1514656031,0.0,13146.64517401,0.0
1514656032,0.59867155,13148.38,0.00013196
1514656033,0.000772,13148.37,-7.6e-07
1514656034,0.07559373,13148.38,7.6e-07
1514656035,0.18131814,13148.38,0.0
1514656036,0.0,13148.38,0.0
1514656037,0.01211295,13148.37,-7.6e-07
1514656038,8.76185285,13149.8052068,0.00010915
1514656039,0.0,13149.8052068,0.0
1514656040,0.0,13149.8052068,0.0
1514656041,0.0,13149.8052068,0.0
1514656042,0.0,13149.8052068,0.0
1514656043,0.0,13149.8052068,0.0
1514656044,0.0,13149.8052068,0.0
1514656045,0.0,13149.8052068,0.0
1514656046,0.0,13149.8052068,0.0
1514656047,0.0,13149.8052068,0.0
1514656048,0.0,13149.8052068,0.0
1514656049,3.3905,13149.57450957,-1.754e-05
1514656050,0.24615929,13149.93,2.703e-05
1514656051,0.0,13149.93,0.0
1514656052,0.0,13149.93,0.0
1514656053,0.0,13149.93,0.0
1514656054,2.18754632,13149.98644407,4.29e-06
1514656055,0.64763613,13149.98940968,2.3e-07
1514656056,2.64548245,13165.51433991,0.0011806
1514656057,0.11352498,13180.0,0.00110027
1514656058,0.71757569,13180.0,0.0
1514656059,0.64182484,13180.01610352,1.22e-06
1514656060,0.0,13180.01610352,0.0
1514656061,0.1,13179.99,-1.98e-06
1514656062,0.01075384,13180.0,7.6e-07
1514656063,0.0,13180.0,0.0
1514656064,0.0,13180.0,0.0
1514656065,0.0,13180.0,0.0
1514656066,0.39349274,13180.0,-0.0
1514656067,4.19663963,13180.0,0.0
1514656068,0.0,13180.0,0.0
1514656069,0.0,13180.0,0.0
1514656070,0.0,13180.0,0.0
1514656071,0.07568332,13180.0,-0.0
1514656072,0.15136664,13180.0,0.0
1514656073,0.0,13180.0,0.0
1514656074,0.0278174,13180.0,-0.0
1514656075,0.0,13180.0,0.0
1514656076,0.45950367,13179.99,-7.6e-07
1514656077,0.0,13179.99,0.0
1514656078,0.0,13179.99,0.0
1514656079,0.0,13179.99,0.0
1514656080,0.313511,13179.99965623,7.3e-07
1514656081,0.04360494,13180.0,3e-08
1514656082,0.06054666,13180.0,-0.0
1514656083,0.00738669,13180.0,0.0
1514656084,2.14227906,13179.9996992,-2e-08
1514656085,1.0,13180.0,2e-08
1514656086,0.0,13180.0,0.0
1514656087,2.5122096,13180.0,-0.0
1514656088,0.0,13180.0,0.0
1514656089,3.88575233,13187.3567977,0.00055818
1514656090,0.0,13187.3567977,0.0
1514656091,0.03778432,13200.0,0.00095874
1514656092,7.556e-05,13200.0,0.0
1514656093,8.79746877,13200.0,0.0
1514656094,1.03286647,13200.00771791,5.8e-07
1514656095,0.15113719,13200.01,1.7e-07
1514656096,0.0,13200.01,0.0
1514656097,0.40968935,13201.26800487,9.53e-05
1514656098,0.06399669,13205.32671858,0.00030745
1514656099,0.04803414,13205.9,4.341e-05
1514656100,2.05785324,13206.01939506,9.04e-06
1514656101,0.0,13206.01939506,0.0
1514656102,0.19711923,13216.05077811,0.00075961
1514656103,0.70342161,13226.24534041,0.00077138
1514656104,0.0,13226.24534041,0.0
1514656105,2.15401312,13227.81249665,0.00011849
1514656106,0.27516259,13231.80436848,0.00030178
1514656107,0.0,13231.80436848,0.0
1514656108,0.07541804,13226.35986741,-0.00041147
1514656109,0.75367461,13235.23718199,0.00067118
1514656110,2.85698276,13244.62691116,0.00070945
1514656111,0.07531919,13243.71961735,-6.85e-05
1514656112,0.07538884,13244.98,9.517e-05
1514656113,0.0,13244.98,0.0
1514656114,0.00296437,13231.11,-0.00104719
1514656115,2.11924817,13241.63656804,0.00079559
1514656116,0.0,13241.63656804,0.0
1514656117,3.38869683,13246.32523878,0.00035409
1514656118,1.3988581,13246.99996998,5.094e-05
1514656119,0.75300539,13246.99985259,-1e-08
1514656120,0.26133353,13246.99991582,0.0
1514656121,0.07530053,13247.0,1e-08
1514656122,0.02043506,13247.0,0.0
1514656123,0.0,13247.0,0.0
1514656124,0.23258042,13246.78115581,-1.652e-05
1514656125,3.3288,13249.1182669,0.00017643
1514656126,0.15060789,13246.39989324,-0.00020517
1514656127,2.44659074,13246.69907118,2.259e-05
1514656128,1.74610616,13262.68508509,0.00120679
1514656129,4.71571411,13273.9872909,0.00085218
1514656130,0.0,13273.9872909,0.0
1514656131,0.49501855,13260.29015413,-0.00103188
1514656132,0.03761335,13260.0,-2.188e-05
1514656133,1.57322755,13259.99364364,-4.8e-07
1514656134,0.0,13259.99364364,0.0
1514656135,0.0,13259.99364364,0.0
1514656136,0.0,13259.99364364,0.0
1514656137,0.0,13259.99364364,0.0
1514656138,0.0,13259.99364364,0.0
1514656139,0.0,13259.99364364,0.0
1514656140,0.0,13259.99364364,0.0
1514656141,0.0,13259.99364364,0.0
1514656142,0.05700639,13260.0,4.8e-07
1514656143,1.62590094,13260.0,0.0
1514656144,0.04698826,13260.0,0.0
1514656145,0.07522682,13259.99999999,-0.0
1514656146,0.63631494,13259.9968569,-2.4e-07
1514656147,0.0,13259.9968569,0.0
1514656148,0.3754,13259.99,-5.2e-07
1514656149,0.28789789,13259.99305309,2.3e-07
1514656150,0.0,13259.99305309,0.0
1514656151,0.0,13259.99305309,0.0
1514656152,0.03761335,13260.0,5.2e-07
1514656153,0.000772,13259.99,-7.5e-07
1514656154,0.06203796,13260.0,7.5e-07
1514656155,0.0,13260.0,0.0
1514656156,0.03761335,13260.0,0.0
1514656157,0.77990137,13259.9973875,-2e-07
1514656158,0.02,13260.0,2e-07
1514656159,0.0,13260.0,0.0
1514656160,1.6563,13268.23899559,0.00062134
1514656161,0.0,13268.23899559,0.0
1514656162,0.89589046,13266.45078445,-0.00013477
1514656163,1.19826407,13277.23682783,0.00081303
1514656164,3.87510187,13278.85842576,0.00012213
1514656165,0.0,13278.85842576,0.0
1514656166,0.63315666,13260.65467357,-0.00137088
1514656167,0.0,13260.65467357,0.0
1514656168,0.2112,13260.99,2.529e-05
1514656169,0.0,13260.99,0.0
1514656170,7.12504376,13287.80460681,0.00202207
1514656171,0.09341094,13292.93529008,0.00038612
1514656172,0.2,13286.88,-0.00045553
1514656173,1.1e-07,13286.88,0.0
1514656174,0.0,13286.88,0.0
1514656175,0.001,13286.89,7.5e-07
1514656176,0.2,13286.88,-7.5e-07
1514656177,0.0,13286.88,0.0
1514656178,1.87617328,13291.76580899,0.00036772
1514656179,0.0,13291.76580899,0.0
1514656180,0.25229516,13296.81936128,0.0003802
1514656181,3.5668,13302.42486094,0.00042157
1514656182,0.23749749,13292.76923354,-0.00072585
1514656183,0.001544,13289.99,-0.00020908
1514656184,0.60250693,13289.99018686,1e-08
1514656185,0.22500876,13299.56511838,0.00072046
1514656186,0.18308331,13318.82059807,0.00144783
1514656187,1.95859837,13318.75137994,-5.2e-06
1514656188,0.2,13299.29162167,-0.00146108
1514656189,0.0,13299.29162167,0.0
1514656190,0.0,13299.29162167,0.0
1514656191,0.2,13303.02,0.00028034
1514656192,0.0,13303.02,0.0
1514656193,0.37491693,13303.03,7.5e-07
1514656194,0.46917322,13305.65522119,0.00019734
1514656195,1.54870261,13319.27818055,0.00102385
1514656196,0.3,13303.02,-0.00122065
1514656197,0.0058,13303.02,0.0
1514656198,7.69554776,13303.03,7.5e-07
1514656199,0.0520685,13303.03,0.0
1514656200,0.2,13303.02,-7.5e-07
1514656201,0.50988702,13303.03,7.5e-07
1514656202,0.4879441,13303.03,0.0
1514656203,0.01499678,13303.03,0.0
1514656204,0.01930222,13303.03,-0.0
1514656205,1.45674097,13324.5541122,0.00161799
1514656206,0.21496466,13314.28931211,-0.00077037
1514656207,2.2472726,13331.84456254,0.00131853
1514656208,1.5460391,13338.0758472,0.0004674
1514656209,0.2,13331.99005,-0.00045627
1514656210,3.27032025,13346.06453783,0.00105569
1514656211,0.37290715,13330.69105076,-0.00115191
1514656212,0.2,13310.77342039,-0.00149412
1514656213,0.0,13310.77342039,0.0
1514656214,0.3958,13338.3062024,0.00206846
1514656215,2.51029359,13349.81429555,0.00086279
1514656216,0.02946591,13351.04073661,9.187e-05
1514656217,0.82002235,13350.44168562,-4.487e-05
1514656218,0.2,13342.8,-0.00057239
1514656219,7.08968983,13366.32433374,0.00176307
1514656220,0.00047023,13342.81,-0.00175922
1514656221,0.94696983,13351.66324364,0.00066352
1514656222,0.620379,13356.80976049,0.00038546
1514656223,0.049925,13367.21,0.00077865
1514656224,0.2,13343.07030721,-0.00180589
1514656225,1.1e-07,13367.22,0.00180991
1514656226,0.31413176,13367.01,-1.571e-05
1514656227,0.28,13364.16041127,-0.00021318
1514656228,0.04640369,13366.91,0.00020574
1514656229,0.01824583,13366.9,-7.5e-07
1514656230,0.20000011,13350.68934846,-0.00121275
1514656231,0.0,13350.68934846,0.0
1514656232,6.99549909,13369.70481351,0.00142431
1514656233,4.23912858,13376.24703347,0.00048933
1514656234,0.0,13376.24703347,0.0
1514656235,0.26102637,13375.16826107,-8.065e-05
1514656236,0.09875206,13373.87989874,-9.632e-05
1514656237,0.3281634,13373.88,1e-08
1514656238,0.7487,13359.2928785,-0.00109072
1514656239,0.74586677,13373.78553451,0.00108484
1514656240,0.82260952,13374.48044564,5.196e-05
1514656241,1.54072234,13375.96839181,0.00011125
1514656242,0.0,13375.96839181,0.0
1514656243,0.02,13373.59,-0.00017781
1514656244,0.27,13371.05920969,-0.00018924
1514656245,3.30250859,13376.67327806,0.00041987
1514656246,0.13497105,13370.66729618,-0.00044899
1514656247,0.08643101,13373.44305805,0.0002076
1514656248,0.39957841,13371.60784963,-0.00013723
1514656249,0.01,13373.45,0.00013777
1514656250,0.13,13373.44807692,-1.4e-07
1514656251,0.4,13370.95824234,-0.00018618
1514656252,0.0,13370.95824234,0.0
1514656253,0.0,13370.95824234,0.0
1514656254,0.0,13370.95824234,0.0
1514656255,0.0,13370.95824234,0.0
1514656256,1.35960472,13370.54852898,-3.064e-05
1514656257,0.0,13370.54852898,0.0
1514656258,0.00746047,13370.55,1.1e-07
1514656259,0.0,13370.55,0.0
1514656260,0.2,13370.54,-7.5e-07
1514656261,5.52015639,13371.98733569,0.00010825
1514656262,0.99199764,13374.8607148,0.00021488
1514656263,0.21058147,13376.81608477,0.0001462
1514656264,0.07821607,13378.47,0.00012364
1514656265,0.2372803,13371.78435099,-0.00049973
1514656266,0.01,13378.46,0.00049923
1514656267,0.01,13378.46,0.0
1514656268,0.22368184,13378.46,0.0
1514656269,0.84263512,13377.36471412,-8.187e-05
1514656270,0.12,13378.44416667,8.069e-05
1514656271,0.19286281,13378.36705355,-5.76e-06
1514656272,0.39,13376.71813973,-0.00012325
1514656273,0.14065995,13378.40250315,0.00012592
1514656274,0.17,13378.45,3.55e-06
1514656275,2.3029,13378.45696115,5.2e-07
1514656276,0.0,13378.45696115,0.0
1514656277,0.36339986,13378.00449642,-3.382e-05
1514656278,0.001,13378.0,-3.4e-07
1514656279,0.0,13378.0,0.0
1514656280,0.21,13378.00047619,4e-08
1514656281,0.0,13378.00047619,0.0
1514656282,0.0,13378.00047619,0.0
1514656283,0.26439201,13378.00243547,1.5e-07
1514656284,0.01,13378.01,5.7e-07
1514656285,0.0,13378.01,0.0
1514656286,0.2,13378.0,-7.5e-07
1514656287,0.02,13378.01,7.5e-07
1514656288,0.05,13378.01,-0.0
1514656289,0.44,13378.00545455,-3.4e-07
1514656290,0.0,13378.00545455,0.0
1514656291,0.0,13378.00545455,0.0
1514656292,0.25,13378.002,-2.6e-07
1514656293,0.04,13378.01,6e-07
1514656294,0.22368937,13378.01,0.0
1514656295,0.05,13378.01,-0.0
1514656296,0.0,13378.01,0.0
1514656297,0.0,13378.01,0.0
1514656298,0.2,13378.0,-7.5e-07
1514656299,1.21354486,13378.0,-0.0
1514656300,4.4683,13378.07693096,5.75e-06
1514656301,0.0,13378.07693096,0.0
1514656302,0.55955793,13378.00207204,-5.6e-06
1514656303,0.0,13378.00207204,0.0
1514656304,0.01,13378.01,5.9e-07
1514656305,0.2,13378.0,-7.5e-07
1514656306,0.0,13378.0,0.0
1514656307,0.0,13378.0,0.0
1514656308,4.86533326,13378.19668551,1.47e-05
1514656309,0.01,13378.48,2.118e-05
1514656310,1.55804655,13378.72358616,1.821e-05
1514656311,0.57278803,13378.99650831,2.04e-05
1514656312,0.0,13378.99650831,0.0
1514656313,0.0,13378.99650831,0.0
1514656314,0.02236728,13379.0,2.6e-07
1514656315,0.23,13378.99130435,-6.5e-07
1514656316,0.0,13378.99130435,0.0
1514656317,0.0,13378.99130435,0.0
1514656318,0.25,13378.992,5e-08
1514656319,0.06366152,13379.0,6e-07
1514656320,0.0,13379.0,0.0
1514656321,1.8167,13379.0,-0.0
1514656322,0.0,13379.0,0.0
1514656323,0.221544,13378.99090276,-6.8e-07
1514656324,0.04436939,13378.99977462,6.6e-07
1514656325,0.0,13378.99977462,0.0
1514656326,0.2,13378.99,-7.3e-07
1514656327,0.07421836,13379.0,7.5e-07
1514656328,1.00155048,13378.99,-7.5e-07
1514656329,0.0,13378.99,0.0
1514656330,0.2,13378.99,0.0
1514656331,0.0,13378.99,0.0
1514656332,0.0,13378.99,0.0
1514656333,0.0,13378.99,0.0
1514656334,0.20318551,13378.99,0.0
1514656335,0.03,13379.0,7.5e-07
1514656336,1.11466018,13379.0,-0.0
1514656337,0.03,13379.0,0.0
1514656338,0.2,13378.99,-7.5e-07
1514656339,0.37278803,13379.0,7.5e-07
1514656340,2.60618803,13379.0,0.0
1514656341,0.02,13379.0,-0.0
1514656342,0.22,13378.99090909,-6.8e-07
1514656343,0.0,13378.99090909,0.0
1514656344,0.0,13378.99090909,0.0
1514656345,1.04482052,13379.86840069,6.559e-05
1514656346,0.00366152,13379.99,9.09e-06
1514656347,1.00463116,13379.99800922,6e-07
1514656348,0.0,13379.99800922,0.0
1514656349,0.0,13379.99800922,0.0
1514656350,0.0,13379.99800922,0.0
1514656351,0.21754715,13379.9907713,-5.4e-07
1514656352,0.2236561,13380.0,6.9e-07
1514656353,2.01002751,13381.45227343,0.00010854
1514656354,0.0,13381.45227343,0.0
1514656355,0.07,13385.9742,0.00033792
1514656356,0.23272579,13382.98,-0.00022368
1514656357,0.38784779,13385.68103209,0.00020183
1514656358,3.46781312,13386.49499242,6.081e-05
1514656359,0.215835,13386.94744759,3.38e-05
1514656360,0.0,13386.94744759,0.0
1514656361,0.2,13385.99,-7.152e-05
1514656362,0.003915,13385.99,-0.0
1514656363,0.0,13385.99,0.0
1514656364,0.0015688,13386.0,7.5e-07
1514656365,0.9988043,13385.99998999,-0.0
1514656366,0.2,13385.99,-7.5e-07
1514656367,0.0,13385.99,0.0
1514656368,0.0,13385.99,0.0
1514656369,0.2,13385.99,0.0
1514656370,0.0,13385.99,0.0
1514656371,0.06133985,13386.0,7.5e-07
1514656372,0.2,13385.99,-7.5e-07
1514656373,0.02907045,13386.0,7.5e-07
1514656374,0.0,13386.0,0.0
1514656375,0.07434682,13386.0,0.0
1514656376,0.55670412,13385.99640743,-2.7e-07
1514656377,0.0,13385.99640743,0.0
1514656378,0.0,13385.99640743,0.0
1514656379,0.2,13385.99,-4.8e-07
1514656380,0.22649724,13385.99140677,1.1e-07
1514656381,0.01745186,13386.0,6.4e-07
1514656382,0.0,13386.0,0.0
1514656383,13.51246724,13388.0344442,0.00015198
1514656384,3.1811547,13388.9990503,7.205e-05
1514656385,5.57705418,13391.53149992,0.00018914
1514656386,0.58382495,13395.98657432,0.00033268
1514656387,0.0,13395.98657432,0.0
1514656388,0.0,13395.98657432,0.0
1514656389,0.01,13395.99,2.6e-07
1514656390,0.25090107,13395.98202873,-6e-07
1514656391,1.04522232,13396.86963759,6.626e-05
1514656392,0.0,13396.86963759,0.0
1514656393,1.9889063,13398.86832782,0.00014919
1514656394,0.0,13398.86832782,0.0
1514656395,0.66183198,13400.0,8.446e-05
1514656396,0.000783,13399.99,-7.5e-07
1514656397,0.97738415,13400.0,7.5e-07
1514656398,1.20495031,13399.99834018,-1.2e-07
1514656399,0.11,13400.0,1.2e-07
1514656400,0.01,13400.0,0.0
1514656401,1.17169538,13399.99880515,-9e-08
1514656402,1.85852122,13399.99892388,1e-08
1514656403,0.0,13399.99892388,0.0
1514656404,0.14888152,13400.0,8e-08
1514656405,1.14583555,13404.95733447,0.00036995
1514656406,0.0,13404.95733447,0.0
1514656407,2.84416164,13422.04710329,0.00127488
1514656408,0.04098737,13429.63256974,0.00056515
1514656409,0.2,13406.79,-0.00170091
1514656410,0.03,13426.04493333,0.00143621
1514656411,0.00290543,13406.81,-0.00143266
1514656412,0.0,13406.81,0.0
1514656413,0.0,13406.81,0.0
1514656414,1.16683465,13411.44693614,0.00034586
1514656415,0.131191,13433.9529745,0.00167812
1514656416,0.0,13433.9529745,0.0
1514656417,0.34870554,13418.46269606,-0.00115307
1514656418,2.00361053,13428.32057468,0.00073465
1514656419,0.0,13428.32057468,0.0
1514656420,0.34855072,13425.1807068,-0.00023382
1514656421,0.03,13421.62,-0.00026523
1514656422,1.39055391,13433.68935445,0.00089925
1514656423,0.2,13433.0069542,-5.08e-05
1514656424,0.03712839,13433.2,1.437e-05
1514656425,0.0,13433.2,0.0
1514656426,2.1132625,13433.42417019,1.669e-05
1514656427,0.57140595,13433.2,-1.669e-05
1514656428,0.75,13433.06,-1.042e-05
1514656429,0.2,13432.03372565,-7.64e-05
1514656430,0.0,13432.03372565,0.0
1514656431,0.04250267,13430.01,-0.00015066
1514656432,0.29975054,13430.00332779,-5e-07
1514656433,0.0,13430.00332779,0.0
1514656434,0.3027333,13428.07736513,-0.00014341
1514656435,0.68416329,13424.77472752,-0.00024595
1514656436,0.0,13424.77472752,0.0
1514656437,5.25642916,13428.40437535,0.00027037
1514656438,0.2,13423.86,-0.00033842
1514656439,0.09994021,13423.94,5.96e-06
1514656440,0.00185753,13425.1,8.641e-05
1514656441,0.2007,13423.62516193,-0.00010986
1514656442,0.0,13423.62516193,0.0
1514656443,2.74125045,13424.96101299,9.951e-05
1514656444,0.3,13425.09,9.61e-06
1514656445,0.23715079,13425.09156655,1.2e-07
1514656446,0.35451238,13425.09419176,2e-07
1514656447,0.04,13425.1,4.3e-07
1514656448,0.2,13424.21285308,-6.608e-05
1514656449,0.22834066,13425.1,6.609e-05
1514656450,0.13635609,13425.09,-7.4e-07
1514656451,0.30759585,13424.92657083,-1.217e-05
1514656452,0.2,13423.98962819,-6.979e-05
1514656453,0.06470887,13423.6292723,-2.684e-05
1514656454,0.0,13423.6292723,0.0
1514656455,0.6580126,13423.63,5e-08
1514656456,0.2,13423.62,-7.4e-07
1514656457,0.07,13424.34116479,5.372e-05
1514656458,0.03,13425.1,5.653e-05
1514656459,0.09429358,13425.09787981,-1.6e-07
1514656460,1.5519,13428.39146225,0.00024533
1514656461,0.00014854,13430.0,0.00011979
1514656462,0.2,13425.13,-0.00036262
1514656463,1.00270544,13430.0,0.00036275
1514656464,0.9565,13430.0,-0.0
1514656465,0.91613075,13429.99031177,-7.2e-07
1514656466,0.0,13429.99031177,0.0
1514656467,0.203,13429.97536946,-1.11e-06
1514656468,12.94597006,13423.49960685,-0.00048219
1514656469,2.86026086,13420.01507193,-0.00025958
1514656470,3.4111547,13420.00020521,-1.11e-06
1514656471,0.0,13420.00020521,0.0
1514656472,2.4878643,13420.00081665,5e-08
1514656473,2.00568992,13413.08992314,-0.00051497
1514656474,1.0376821,13406.8,-0.00046894
1514656475,2.4334901,13406.8,0.0
1514656476,1.70302362,13407.1746278,2.794e-05
1514656477,0.87917992,13406.8,-2.794e-05
1514656478,0.01,13419.19,0.00092416
1514656479,0.65269624,13407.47170535,-0.00087325
1514656480,2.459307,13406.27205484,-8.948e-05
1514656481,4.16007918,13406.86027561,4.388e-05
1514656482,2.92600496,13400.11244,-0.00050331
1514656483,0.63208862,13405.01244982,0.00036567
1514656484,2.89674008,13400.06322581,-0.00036921
1514656485,6.76195794,13399.79835155,-1.977e-05
1514656486,2.20175565,13375.86479009,-0.00178611
1514656487,1.03582928,13360.25891002,-0.00116672
1514656488,0.19,13371.31421053,0.00082748
1514656489,0.0,13371.31421053,0.0
1514656490,10.74499505,13359.83481891,-0.00085851
1514656491,2.4272528,13351.24774636,-0.00064275
1514656492,1.22,13350.00016393,-9.344e-05
1514656493,0.40968935,13350.0,-1e-08
1514656494,19.42431283,13324.71301239,-0.00189416
1514656495,1.25254758,13267.37432326,-0.00430318
1514656496,1.52009243,13268.58616757,9.134e-05
1514656497,4.56316262,13258.48377553,-0.00076138
1514656498,2.3603029,13250.85638123,-0.00057528
1514656499,0.16429918,13274.42757774,0.00177884
1514656500,3.25667504,13248.29612049,-0.00196856
1514656501,1.82923112,13263.16,0.00112195
1514656502,1.94674365,13262.41526181,-5.615e-05
1514656503,0.0006,13263.17,5.691e-05
1514656504,0.0,13263.17,0.0
1514656505,1.23748298,13247.18738135,-0.00120504
1514656506,3.06468276,13215.34205574,-0.00240393
1514656507,0.15056766,13249.94,0.00261801
1514656508,0.00752841,13249.88,-4.53e-06
1514656509,0.43017266,13192.80336788,-0.00430771
1514656510,1.17437522,13193.1922099,2.947e-05
1514656511,2.02249285,13183.28370365,-0.00075103
1514656512,0.32493936,13199.99138301,0.00126734
1514656513,0.0,13199.99138301,0.0
1514656514,1.37906857,13199.99129847,-1e-08
1514656515,0.76226487,13199.99506757,2.9e-07
1514656516,9.28511142,13189.13612126,-0.00082265
1514656517,0.215,13201.65744186,0.00094937
1514656518,0.04415076,13222.22,0.00155757
1514656519,0.02,13222.23,7.6e-07
1514656520,0.2,13222.18,-3.78e-06
1514656521,1.60240776,13188.64131631,-0.00253655
1514656522,4.81233653,13169.22289245,-0.00147236
1514656523,3.57923529,13163.6057162,-0.00042654
1514656524,4.08878176,13195.47425618,0.00242096
1514656525,0.07558835,13196.56,8.228e-05
1514656526,0.35,13187.45902815,-0.00068965
1514656527,0.31812468,13196.52,0.00068709
1514656528,1.09211226,13164.31831623,-0.00244016
1514656529,0.25889708,13196.55072991,0.00244847
1514656530,1.45280331,13196.55982657,6.9e-07
1514656531,0.0,13196.55982657,0.0
1514656532,1.22001263,13195.43046135,-8.558e-05
1514656533,0.02897391,13190.0,-0.00041154
1514656534,0.0237967,13190.01,7.6e-07
1514656535,0.2,13190.0,-7.6e-07
1514656536,0.0,13190.0,0.0
1514656537,0.97166941,13190.0,-0.0
1514656538,1.020307,13190.00019903,2e-08
1514656539,2.45503879,13183.16205004,-0.00051843
1514656540,0.33121788,13170.00094252,-0.00099833
1514656541,4.07930317,13201.55953349,0.00239625
1514656542,0.001,13196.99,-0.00034614
1514656543,1.2,13200.14260285,0.00023889
1514656544,0.0,13200.14260285,0.0
1514656545,0.28650846,13203.76510907,0.00027443
1514656546,0.241,13171.8656754,-0.00241593
1514656547,0.39321457,13179.99687327,0.00061732
1514656548,0.0,13179.99687327,0.0
1514656549,3.4317,13228.46114109,0.00367711
1514656550,1.46949515,13211.1112786,-0.00131156
1514656551,1.03286404,13237.91608184,0.00202896
1514656552,0.20043774,13224.0834719,-0.00104492
1514656553,0.0,13224.0834719,0.0
1514656554,2.05754674,13223.99,-7.07e-06
1514656555,0.2,13223.98,-7.6e-07
1514656556,0.0,13223.98,0.0
1514656557,0.0,13223.98,0.0
1514656558,0.19889726,13223.98758498,5.7e-07
1514656559,2.44088713,13209.47120407,-0.00109773
1514656560,0.0,13209.47120407,0.0
1514656561,0.0,13209.47120407,0.0
1514656562,0.0,13209.47120407,0.0
1514656563,0.27126486,13215.47468496,0.00045448
1514656564,0.3612,13236.81857735,0.00161507
1514656565,1.02283623,13220.01819266,-0.00126922
1514656566,0.0,13220.01819266,0.0
1514656567,0.70923871,13242.13586056,0.00167304
1514656568,1.52741508,13237.26144422,-0.0003681
1514656569,0.94543937,13262.50691404,0.00190715
1514656570,0.0,13262.50691404,0.0
1514656571,0.0,13262.50691404,0.0
1514656572,1.62112203,13272.19884488,0.00073078
1514656573,0.000747,13270.96,-9.334e-05
1514656574,1.80558755,13273.13899913,0.00016419
1514656575,0.2,13274.98,0.0001387
1514656576,0.0,13274.98,0.0
1514656577,0.0,13274.98,0.0
1514656578,0.00191346,13274.99,7.5e-07
1514656579,0.20220916,13274.99010925,1e-08
1514656580,0.08,13275.0,7.5e-07
1514656581,0.0,13275.0,0.0
1514656582,0.0,13275.0,0.0
1514656583,7.10842585,13274.99,-7.5e-07
1514656584,0.60767082,13274.99372235,2.8e-07
1514656585,3.8805967,13274.99042998,-2.5e-07
1514656586,0.26203123,13275.0,7.2e-07
1514656587,1.1732,13282.13182602,0.00053724
1514656588,0.0,13282.13182602,0.0
1514656589,2.94510498,13275.0,-0.00053695
1514656590,0.22,13275.17181818,1.294e-05
1514656591,0.001,13275.0,-1.294e-05
1514656592,0.02868603,13275.0,0.0
1514656593,0.2,13274.99,-7.5e-07
1514656594,0.02181363,13275.0,7.5e-07
1514656595,1.70094969,13275.0,0.0
1514656596,0.225,13274.99088889,-6.9e-07
1514656597,0.0,13274.99088889,0.0
1514656598,0.04520027,13275.0,6.9e-07
1514656599,3.137132,13284.12307774,0.00068724
1514656600,0.01494314,13275.0,-0.00068677
1514656601,1.0,13298.98,0.0018064
1514656602,0.2,13276.0038009,-0.00172767
1514656603,0.1479433,13299.83984727,0.00179542
1514656604,1.02124819,13271.45834006,-0.00213397
1514656605,0.0,13271.45834006,0.0
1514656606,1.04641609,13284.94044357,0.00101587
1514656607,0.27508543,13284.94272953,1.7e-07
1514656608,0.0,13284.94272953,0.0
1514656609,1.0,13284.94,-2.1e-07
1514656610,0.24393139,13281.62180097,-0.00024977
1514656611,1.0,13280.01,-0.00012136
1514656612,1.62258382,13280.02,7.5e-07
1514656613,1.94228103,13277.53601237,-0.00018705
1514656614,0.09510182,13278.85,9.896e-05
1514656615,0.0,13278.85,0.0
1514656616,0.201,13270.03333333,-0.00066396
1514656617,0.03,13284.96,0.00112484
1514656618,0.0,13284.96,0.0
1514656619,0.2,13280.03,-0.0003711
1514656620,2.05958843,13288.14503644,0.00061107
1514656621,0.01614825,13288.27,9.4e-06
1514656622,0.2,13286.01,-0.00017007
1514656623,0.0,13286.01,0.0
1514656624,1.06008367,13289.59230196,0.00026963
1514656625,0.23018079,13287.83122571,-0.00013252
1514656626,0.41250268,13299.9962928,0.0009155
1514656627,1.05799368,13315.8448903,0.00119162
1514656628,1.54466486,13286.36666395,-0.00221377
1514656629,0.0,13286.36666395,0.0
1514656630,0.0,13286.36666395,0.0
1514656631,1.05830673,13312.84844255,0.00199315
1514656632,0.2,13291.51,-0.00160285
1514656633,0.641096,13320.35644372,0.00217029
1514656634,0.10860672,13326.66618045,0.00047369
1514656635,1.25981245,13317.71002665,-0.00067205
1514656636,0.12133417,13288.2,-0.00221585
1514656637,0.0,13288.2,0.0
1514656638,1.05764747,13320.20365035,0.00240843
1514656639,0.94727448,13327.95400462,0.00058185
1514656640,0.01904937,13340.0,0.00090381
1514656641,1.25619058,13333.27839879,-0.00050387
1514656642,0.0,13333.27839879,0.0
1514656643,0.0,13333.27839879,0.0
1514656644,0.05988784,13324.99,-0.00062163
1514656645,1.2573448,13321.86618118,-0.00023443
1514656646,0.16937321,13317.35880456,-0.00033834
1514656647,0.0,13317.35880456,0.0
1514656648,0.33671408,13309.41764003,-0.0005963
1514656649,0.0,13309.41764003,0.0
1514656650,0.0,13309.41764003,0.0
1514656651,0.2,13299.27662354,-0.00076194
1514656652,0.0,13299.27662354,0.0
1514656653,0.0,13299.27662354,0.0
1514656654,1.05741746,13323.10104597,0.00179141
1514656655,0.2,13307.95,-0.0011372
1514656656,0.0,13307.95,0.0
1514656657,2.5752,13334.13324942,0.00196749
1514656658,5.90120826,13343.14419039,0.00067578
1514656659,0.0,13343.14419039,0.0
1514656660,0.2,13325.06,-0.00135532
1514656661,3.12552685,13329.99197147,0.00037013
1514656662,0.0,13329.99197147,0.0
1514656663,0.0,13329.99197147,0.0
1514656664,0.0,13329.99197147,0.0
1514656665,1.05701898,13328.12375527,-0.00014015
1514656666,0.2,13329.99,0.00014002
1514656667,0.0,13329.99,0.0
1514656668,0.01,13330.0,7.5e-07
1514656669,1.18271211,13330.27950252,2.097e-05
1514656670,0.20624943,13336.10245648,0.00043682
1514656671,0.91675307,13343.65122549,0.00056604
1514656672,1.09264752,13349.98935155,0.00047499
1514656673,0.83127534,13346.24452621,-0.00028051
1514656674,1.06462681,13350.0,0.00028139
1514656675,0.21,13326.20005238,-0.00178277
1514656676,1.5756,13350.05573375,0.00179013
1514656677,1.06395383,13366.74738261,0.00125031
1514656678,0.2,13325.04997,-0.00311949
1514656679,1.00235093,13358.73913106,0.00252826
1514656680,0.03,13350.01,-0.00065344
1514656681,2.30380117,13377.42507006,0.00205356
1514656682,0.01269477,13353.89351696,-0.00175905
1514656683,0.67259488,13387.18118185,0.00249273
1514656684,0.2,13350.02,-0.00277588
1514656685,2.32237216,13372.49072297,0.0016832
1514656686,7.66276549,13325.76282581,-0.00349433
1514656687,0.2,13306.7857,-0.00142409
1514656688,1.15762282,13385.86286513,0.00594262
1514656689,0.00327885,13376.71,-0.00068377
1514656690,0.238,13339.01689076,-0.00281782
1514656691,0.05,13374.94,0.00269309
1514656692,1.2951,13374.99555572,4.15e-06
1514656693,1.04970833,13372.13326082,-0.000214
1514656694,0.01415747,13368.8,-0.00024927
1514656695,0.0,13368.8,0.0
1514656696,0.2,13346.81015238,-0.00164486
1514656697,0.0,13346.81015238,0.0
1514656698,0.0,13346.81015238,0.0
1514656699,0.0,13346.81015238,0.0
1514656700,0.02,13367.19,0.00152695
1514656701,0.2,13346.006622,-0.00158473
1514656702,0.0,13346.006622,0.0
1514656703,0.00576646,13349.18370692,0.00023806
1514656704,0.16124557,13348.26812017,-6.859e-05
1514656705,0.20392537,13327.49187878,-0.00155647
1514656706,1.05578906,13343.65,0.00121239
1514656707,0.0,13343.65,0.0
1514656708,0.26612146,13342.6440758,-7.539e-05
1514656709,0.2,13327.17019155,-0.00115973
1514656710,0.0,13327.17019155,0.0
1514656711,4.55017434,13319.9582916,-0.00054114
1514656712,0.2,13324.98,0.00037701
1514656713,1.09339488,13324.29323406,-5.154e-05
1514656714,2.39569938,13333.95102068,0.00072483
1514656715,0.0,13333.95102068,0.0
1514656716,0.2,13340.0,0.00045365
1514656717,0.06,13340.01,7.5e-07
1514656718,0.09,13340.00111111,-6.7e-07
1514656719,0.2,13340.0,-8e-08
1514656720,0.0,13340.0,0.0
1514656721,0.04698557,13340.00851325,6.4e-07
1514656722,0.23,13340.00130435,-5.4e-07
1514656723,0.48682478,13340.0,-1e-07
1514656724,0.0,13340.0,0.0
1514656725,2.27217307,13340.0,0.0
1514656726,0.4983166,13340.00075028,6e-08
1514656727,0.04,13340.0,-6e-08
1514656728,0.0,13340.0,0.0
1514656729,0.1344,13340.00446429,3.3e-07
1514656730,0.23738776,13340.00157497,-2.2e-07
1514656731,0.3052,13340.0,-1.2e-07
1514656732,0.0,13340.0,0.0
1514656733,0.20624943,13340.0,0.0
1514656734,0.0,13340.0,0.0
1514656735,0.25,13340.0,0.0
1514656736,0.10973504,13340.0,0.0
1514656737,1.85333788,13327.49993541,-0.00093704
1514656738,0.48625501,13300.25305652,-0.00204441
1514656739,0.77272252,13289.73871085,-0.00079054
1514656740,0.20748611,13287.39846288,-0.00017609
1514656741,0.24589882,13315.1814961,0.00209093
1514656742,0.0,13315.1814961,0.0
1514656743,0.2,13286.00000502,-0.0021916
1514656744,0.003748,13324.17,0.00287295
1514656745,0.0,13324.17,0.0
1514656746,0.2,13286.00000502,-0.00286472
1514656747,2.4741,13335.5939384,0.0037328
1514656748,0.00742351,13286.20832062,-0.00370329
1514656749,0.83143443,13314.94990967,0.00216326
1514656750,1.05695468,13328.9345639,0.0010503
1514656751,0.0,13328.9345639,0.0
1514656752,0.99859318,13316.80328121,-0.00091015
1514656753,0.2,13286.36,-0.00228608
1514656754,0.006,13286.37,7.5e-07
1514656755,0.0,13286.37,0.0
1514656756,0.2,13286.37,0.0
1514656757,0.01,13286.38,7.5e-07
1514656758,0.0,13286.38,0.0
1514656759,0.56221573,13286.37086294,-6.9e-07
1514656760,0.0,13286.37086294,0.0
1514656761,2.0,13286.38,6.9e-07
1514656762,0.20009985,13286.37000499,-7.5e-07
1514656763,0.0,13286.37000499,0.0
1514656764,0.33952926,13286.37029747,2e-08
1514656765,0.2,13286.37,-2e-08
1514656766,9.985e-05,13286.38,7.5e-07
1514656767,0.01,13286.38,0.0
1514656768,0.22,13286.37090909,-6.8e-07
1514656769,9.985e-05,13286.38,6.8e-07
1514656770,0.0,13286.38,0.0
1514656771,0.20017492,13286.37000874,-7.5e-07
1514656772,1.3078,13286.38,7.5e-07
1514656773,0.05,13286.38,-0.0
1514656774,0.21886415,13284.18894652,-0.00016491
1514656775,0.0209685,13286.49,0.00017322
1514656776,9.982e-05,13290.0,0.00026418
1514656777,0.2,13289.99,-7.5e-07
1514656778,0.02,13290.0,7.5e-07
1514656779,0.0,13290.0,0.0
1514656780,0.20009975,13290.01496507,1.13e-06
1514656781,0.0,13290.01496507,0.0
1514656782,0.49477809,13290.0,-1.13e-06
1514656783,0.4633398,13284.21961338,-0.00043494
1514656784,0.0,13284.21961338,0.0
1514656785,0.03009982,13289.89,0.00042685
1514656786,0.0,13289.89,0.0
1514656787,0.22009975,13281.10485905,-0.00066104
1514656788,0.0,13281.10485905,0.0
1514656789,9.989e-05,13280.45,-4.931e-05
1514656790,0.2,13280.44,-7.5e-07
1514656791,0.155577,13289.84636644,0.00070829
1514656792,0.0,13289.84636644,0.0
1514656793,0.20009982,13280.1633696,-0.0007286
1514656794,0.0,13280.1633696,0.0
1514656795,2.9835,13306.20980135,0.0019613
1514656796,0.2,13280.00591076,-0.0019693
1514656797,0.0,13280.00591076,0.0
1514656798,9.987e-05,13283.99,0.00030001
1514656799,0.0,13283.99,0.0
1514656800,0.01009987,13283.99009888,1e-08
1514656801,0.0,13283.99009888,0.0
1514656802,0.21887257,13280.38602498,-0.00027131
1514656803,0.00841467,13284.0,0.00027213
1514656804,4.79048884,13273.00112392,-0.00082798
1514656805,0.20109987,13250.2060647,-0.0017174
1514656806,9.392e-05,13275.0,0.00187121
1514656807,9.993e-05,13274.96,-3.01e-06
1514656808,1.71935009,13234.43530861,-0.00305272
1514656809,0.00010012,13249.93,0.00117079
1514656810,0.0,13249.93,0.0
1514656811,0.0,13249.93,0.0
1514656812,0.5796791,13249.92592052,-3.1e-07
1514656813,0.00010012,13250.0,5.59e-06
1514656814,0.2,13249.99,-7.5e-07
1514656815,1.05825066,13249.99,-0.0
1514656816,2.07693837,13249.99000048,0.0
1514656817,0.21,13249.99047619,4e-08
1514656818,0.00010012,13250.0,7.2e-07
1514656819,0.00699835,13250.0,0.0
1514656820,0.0,13250.0,0.0
1514656821,0.20010012,13249.990005,-7.5e-07
1514656822,0.69635476,13249.99,-0.0
1514656823,0.00010012,13250.0,7.5e-07
1514656824,0.51846791,13249.99614248,-2.9e-07
1514656825,0.00010012,13250.0,2.9e-07
1514656826,0.01,13250.0,0.0
1514656827,0.2,13249.99,-7.5e-07
1514656828,0.07,13250.0,7.5e-07
1514656829,0.0,13250.0,0.0
1514656830,0.4802081,13249.99,-7.5e-07
1514656831,0.00010012,13249.95,-3.02e-06
1514656832,0.037,13249.74,-1.585e-05
1514656833,0.35910012,13249.74028126,2e-08
1514656834,1.83584245,13248.92500022,-6.153e-05
1514656835,0.23210049,13229.05948794,-0.00149941
1514656836,0.00010012,13249.7,0.00156024
1514656837,0.0,13249.7,0.0
1514656838,0.0,13249.7,0.0
1514656839,0.20010013,13224.0957114,-0.00193244
1514656840,0.05943647,13249.30523703,0.00190633
1514656841,0.16448321,13225.53299501,-0.00179423
1514656842,0.0,13225.53299501,0.0
1514656843,0.01,13248.96,0.00177135
1514656844,0.20010013,13220.11324855,-0.00217728
1514656845,0.0,13220.11324855,0.0
1514656846,0.00010013,13248.57,0.00215253
1514656847,0.2,13220.0286326,-0.0021543
1514656848,0.00866922,13248.330462,0.00214083
1514656849,0.0,13248.330462,0.0
1514656850,0.20010014,13220.23653175,-0.00212056
1514656851,0.0,13220.23653175,0.0
1514656852,0.14914975,13236.0,0.00119237
1514656853,0.00376815,13236.0,0.0
1514656854,0.28210023,13225.83463164,-0.00076801
1514656855,0.0,13225.83463164,0.0
1514656856,0.00010023,13235.87,0.00075877
1514656857,6.1059,13240.66818824,0.00036251
1514656858,0.00010023,13236.0,-0.00035256
1514656859,0.0,13236.0,0.0
1514656860,0.00010027,13230.24,-0.00043518
1514656861,0.22094935,13223.68060963,-0.00049579
1514656862,0.00017571,13226.65591088,0.000225
1514656863,0.00010032,13223.92,-0.00020685
1514656864,0.77325086,13223.91,-7.6e-07
1514656865,0.0,13223.91,0.0
1514656866,0.20010032,13220.00346453,-0.00029541
1514656867,0.0,13220.00346453,0.0
1514656868,0.15130714,13220.00000663,-2.6e-07
1514656869,1.24048713,13210.72932497,-0.00070126
1514656870,0.20330289,13211.31620605,4.442e-05
1514656871,0.24549575,13212.1732613,6.487e-05
1514656872,0.00010041,13212.28,8.08e-06
1514656873,0.04098299,13212.25,-2.27e-06
1514656874,0.00010041,13212.25,-0.0
1514656875,0.0,13212.25,0.0
1514656876,1.2,13210.21920526,-0.00015371
1514656877,1.99083278,13212.25,0.00015373
1514656878,0.0,13212.25,0.0
1514656879,0.20010041,13209.85056256,-0.00018161
1514656880,0.00010041,13212.0,0.00016271
1514656881,11.76151922,13170.35625557,-0.00315196
1514656882,0.03530005,13185.35668883,0.00113895
1514656883,0.00190123,13200.01894279,0.00111201
1514656884,1.2132455,13186.61325229,-0.00101558
1514656885,0.0,13186.61325229,0.0
1514656886,0.0,13186.61325229,0.0
1514656887,0.27568332,13152.03435629,-0.00262227
1514656888,0.0,13152.03435629,0.0
1514656889,0.0,13152.03435629,0.0
1514656890,0.00010077,13164.17,0.00092272
1514656891,0.0,13164.17,0.0
1514656892,0.0,13164.17,0.0
1514656893,0.30701441,13164.16,-7.6e-07
1514656894,0.0,13164.16,0.0
1514656895,0.4868004,13191.84492089,0.00210305
1514656896,0.03711814,13199.81491529,0.00060416
1514656897,0.28,13178.09539698,-0.00164544
1514656898,0.01511432,13199.48481473,0.0016231
1514656899,0.01,13193.13,-0.00048144
1514656900,0.0,13193.13,0.0
1514656901,0.4516094,13179.79771699,-0.00101055
1514656902,3.3999,13203.14561525,0.00177149
1514656903,0.78964491,13177.7122246,-0.00192631
1514656904,0.0,13177.7122246,0.0
1514656905,0.0,13177.7122246,0.0
1514656906,0.2,13176.3433,-0.00010388
1514656907,0.0,13176.3433,0.0
1514656908,0.0,13176.3433,0.0
1514656909,0.00327885,13199.98,0.00179387
1514656910,0.1531211,13199.99,7.6e-07
1514656911,2.38146158,13199.98000076,-7.6e-07
1514656912,0.2,13199.98,-0.0
1514656913,0.12010182,13199.98,0.0
1514656914,0.200747,13199.98,0.0
1514656915,0.77191172,13199.98014685,1e-08
1514656916,0.0,13199.98014685,0.0
1514656917,0.20051008,13199.98002544,-1e-08
1514656918,0.0,13199.98002544,0.0
1514656919,2.02524146,13199.99,7.6e-07
1514656920,0.36899408,13199.98,-7.6e-07
1514656921,0.0,13199.98,0.0
1514656922,7.556e-05,13199.99,7.6e-07
1514656923,0.25659562,13199.98220563,-5.9e-07
1514656924,0.0,13199.98220563,0.0
1514656925,0.17878016,13192.18293462,-0.00059085
1514656926,0.02219883,13188.99866479,-0.00024138
1514656927,4.6162,13199.7396091,0.00081439
1514656928,0.2,13180.01,-0.0014947
1514656929,0.0,13180.01,0.0
1514656930,0.0,13180.01,0.0
1514656931,0.0,13180.01,0.0
1514656932,0.2,13180.65,4.856e-05
1514656933,0.0,13180.65,0.0
1514656934,0.000747,13180.65,-0.0
1514656935,0.21788136,13180.94151514,2.212e-05
1514656936,0.0,13180.94151514,0.0
1514656937,0.05,13190.0,0.00068724
1514656938,0.27562594,13183.48392245,-0.00049402
1514656939,0.06165796,13190.0,0.00049426
1514656940,0.0,13190.0,0.0
1514656941,0.2,13181.27,-0.00066187
1514656942,0.05,13190.0,0.0006623
1514656943,0.0,13190.0,0.0
1514656944,0.2,13189.99,-7.6e-07
1514656945,0.05,13190.0,7.6e-07
1514656946,1.49367823,13190.0,-0.0
1514656947,0.0,13190.0,0.0
1514656948,0.2,13189.99,-7.6e-07
1514656949,0.00035377,13189.99,-0.0
1514656950,0.03753718,13189.99266403,2e-07
1514656951,1.42998633,13184.28852741,-0.00043246
1514656952,0.22097023,13177.79407205,-0.00049259
1514656953,0.0047271,13176.27,-0.00011565
1514656954,0.2,13189.99,0.00104127
1514656955,0.24155045,13189.99,0.0
1514656956,0.0,13189.99,0.0
1514656957,0.0,13189.99,0.0
1514656958,0.1,13180.0,-0.00075739
1514656959,0.20208023,13180.0,0.0
1514656960,0.07,13188.83242176,0.00067014
1514656961,0.0,13188.83242176,0.0
1514656962,0.2,13175.00826866,-0.00104817
1514656963,0.0,13175.00826866,0.0
1514656964,0.07158388,13175.0,-6.3e-07
1514656965,0.23758409,13177.3919636,0.00018155
1514656966,0.9,13177.21,-1.381e-05
1514656967,0.0,13177.21,0.0
1514656968,0.0,13177.21,0.0
1514656969,0.0,13177.21,0.0
1514656970,0.07958712,13177.35988793,1.137e-05
1514656971,0.25784924,13177.3956579,2.71e-06
1514656972,0.0,13177.3956579,0.0
1514656973,1.9092,13186.76744229,0.0007112
1514656974,0.0,13186.76744229,0.0
1514656975,0.2,13176.59448448,-0.00077145
1514656976,0.3879222,13177.95691956,0.0001034
1514656977,0.0,13177.95691956,0.0
1514656978,0.0,13177.95691956,0.0
1514656979,0.27,13182.85339616,0.00037157
1514656980,0.01247853,13180.01,-0.00021569
1514656981,0.0,13180.01,0.0
1514656982,0.2,13180.02,7.6e-07
1514656983,0.0,13180.02,0.0
1514656984,0.01986518,13180.16,1.062e-05
1514656985,0.0,13180.16,0.0
1514656986,0.0,13180.16,0.0
1514656987,0.07562594,13190.0,0.00074658
1514656988,0.04,13190.0,0.0
1514656989,0.59590666,13184.34911394,-0.00042842
1514656990,0.0,13184.34911394,0.0
1514656991,0.01755402,13189.94,0.00042405
1514656992,1.8659,13191.67444998,0.0001315
1514656993,0.53794062,13194.68126298,0.00022793
1514656994,0.0,13194.68126298,0.0
1514656995,0.0,13194.68126298,0.0
1514656996,0.01,13190.23632,-0.00033687
1514656997,0.0,13190.23632,0.0
1514656998,0.2,13187.30035,-0.00022259
1514656999,1.03612,13186.71395823,-4.447e-05
1514657000,0.0,13186.71395823,0.0
1514657001,0.00355316,13194.67,0.00060334
1514657002,0.0,13194.67,0.0
1514657003,2.84548245,13187.39722667,-0.00055119
1514657004,0.02622654,13194.54575518,0.00054207
1514657005,0.78326637,13187.71956607,-0.00051735
1514657006,0.2,13187.38,-2.575e-05
1514657007,0.0,13187.38,0.0
1514657008,0.01512048,13194.0994696,0.00050954
1514657009,0.2,13187.39,-0.00050852
1514657010,0.01512003,13194.5,0.00053915
1514657011,0.0,13194.5,0.0
1514657012,0.01929391,13194.5,0.0
1514657013,0.2,13187.42053,-0.00053655
1514657014,0.0,13187.42053,0.0
1514657015,0.07290294,13187.41,-8e-07
1514657016,1.5085,13187.41,0.0
1514657017,0.20612364,13187.37050571,-2.99e-06
1514657018,0.05030256,13187.38,7.2e-07
1514657019,0.01,13187.38,-0.0
1514657020,0.0,13187.38,0.0
1514657021,0.21413171,13187.37065995,-7.1e-07
1514657022,0.0,13187.37065995,0.0
1514657023,0.07,13187.38,7.1e-07
1514657024,0.0,13187.38,0.0
1514657025,0.0,13187.38,0.0
1514657026,0.0,13187.38,0.0
1514657027,0.2,13187.37,-7.6e-07
1514657028,0.0,13187.37,0.0
1514657029,0.0,13187.37,0.0
1514657030,2.50008501,13196.00411452,0.00065473
1514657031,0.07,13196.26150218,1.95e-05
1514657032,0.2,13187.66,-0.00065181
1514657033,0.02,13199.40019241,0.00089024
1514657034,0.47167741,13198.27185025,-8.548e-05
1514657035,1.4537,13199.46098239,9.01e-05
1514657036,0.0,13199.46098239,0.0
1514657037,1.19786849,13217.95057594,0.00140078
1514657038,0.27545438,13198.70773401,-0.00145581
1514657039,0.0,13198.70773401,0.0
1514657040,0.58789187,13219.98744851,0.00161226
1514657041,0.0,13219.98744851,0.0
1514657042,0.0716968,13224.85138433,0.00036792
1514657043,0.2,13220.0005,-0.0003668
1514657044,0.0,13220.0005,0.0
1514657045,1.24066215,13249.57011246,0.00223673
1514657046,0.2,13223.64025,-0.00195703
1514657047,0.0,13223.64025,0.0
1514657048,0.05,13256.57878,0.00249088
1514657049,0.29213312,13242.55355187,-0.00105798
1514657050,0.20089183,13225.26781489,-0.00130532
1514657051,1.8816927,13252.77806426,0.00208013
1514657052,1.9901,13243.54023815,-0.00069705
1514657053,0.2,13223.94863628,-0.00147933
1514657054,0.02437792,13242.63,0.00141269
1514657055,0.0,13242.63,0.0
1514657056,0.0107015,13242.6,-2.27e-06
1514657057,0.0,13242.6,0.0
1514657058,0.29104772,13242.59312827,-5.2e-07
1514657059,0.0,13242.59312827,0.0
1514657060,0.0,13242.59312827,0.0
1514657061,0.0,13242.59312827,0.0
1514657062,0.2,13242.59,-2.4e-07
1514657063,0.0079,13242.59,0.0
1514657064,0.0,13242.59,0.0
1514657065,0.0,13242.59,0.0
1514657066,0.22696654,13242.59118813,9e-08
1514657067,0.0604025,13242.6,6.7e-07
1514657068,0.0,13242.6,0.0
1514657069,0.211,13242.59,-7.6e-07
1514657070,0.02,13242.59,0.0
1514657071,0.98677157,13242.50921428,-6.1e-06
1514657072,0.18785841,13241.38688766,-8.475e-05
1514657073,0.0283936,13225.06087555,-0.00123295
1514657074,0.2,13220.80333446,-0.00032193
1514657075,0.02,13230.90496482,0.00076407
1514657076,0.0,13230.90496482,0.0
1514657077,0.2931,13222.54874006,-0.00063157
1514657078,0.0,13222.54874006,0.0
1514657079,1.1e-07,13220.81,-0.0001315
1514657080,0.00753688,13234.99,0.00107255
1514657081,0.0,13234.99,0.0
1514657082,0.2,13220.84,-0.00106914
1514657083,0.0,13220.84,0.0
1514657084,0.0,13220.84,0.0
1514657085,0.0,13220.84,0.0
1514657086,0.2,13226.02,0.00039181
1514657087,0.0,13226.02,0.0
1514657088,0.0,13226.02,0.0
1514657089,0.0,13226.02,0.0
1514657090,0.03772471,13220.86,-0.00039014
1514657091,0.0,13220.86,0.0
1514657092,0.0,13220.86,0.0
1514657093,1.1e-07,13220.85,-7.6e-07
1514657094,0.0,13220.85,0.0
1514657095,0.0,13220.85,0.0
1514657096,0.01508988,13220.86,7.6e-07
1514657097,0.0251405,13220.86,0.0
1514657098,0.0,13220.86,0.0
1514657099,0.0,13220.86,0.0
1514657100,0.0,13220.86,0.0
1514657101,0.7745,13220.52889569,-2.504e-05
1514657102,0.0,13220.52889569,0.0
1514657103,0.0,13220.52889569,0.0
1514657104,0.0,13220.52889569,0.0
1514657105,0.0,13220.52889569,0.0
1514657106,0.0,13220.52889569,0.0
1514657107,0.37727136,13220.01,-3.925e-05
1514657108,0.0,13220.01,0.0
1514657109,0.0,13220.01,0.0
1514657110,0.0,13220.01,0.0
1514657111,0.0,13220.01,0.0
1514657112,0.83703098,13217.77806958,-0.00016883
1514657113,0.90810208,13219.96447885,0.00016541
1514657114,0.0,13219.96447885,0.0
1514657115,0.0,13219.96447885,0.0
1514657116,0.0,13219.96447885,0.0
1514657117,0.0,13219.96447885,0.0
1514657118,0.0,13219.96447885,0.0
1514657119,0.30713998,13203.76087035,-0.00122569
1514657120,0.0,13203.76087035,0.0
1514657121,0.01184989,13209.82,0.00045889
1514657122,0.0,13209.82,0.0
1514657123,0.0,13209.82,0.0
1514657124,0.0,13209.82,0.0
1514657125,0.1949,13209.79,-2.27e-06
1514657126,0.0,13209.79,0.0
1514657127,0.0,13209.79,0.0
1514657128,0.0,13209.79,0.0
1514657129,0.0726,13201.0,-0.00066542
1514657130,0.0,13201.0,0.0
1514657131,0.0,13201.0,0.0
1514657132,0.0,13201.0,0.0
1514657133,0.0,13201.0,0.0
1514657134,0.0,13201.0,0.0
1514657135,0.0,13201.0,0.0
1514657136,0.0,13201.0,0.0
1514657137,0.04538306,13201.01,7.6e-07
1514657138,0.0,13201.01,0.0
1514657139,0.0,13201.01,0.0
1514657140,0.01,13201.0,-7.6e-07
1514657141,0.01511257,13201.01,7.6e-07
1514657142,0.0,13201.01,0.0
1514657143,0.0,13201.01,0.0
1514657144,0.0,13201.01,0.0
1514657145,1.96166288,13201.00872557,-1e-07
1514657146,0.0,13201.00872557,0.0
1514657147,0.0,13201.00872557,0.0
1514657148,1.0,13200.22605399,-5.929e-05
1514657149,0.0,13200.22605399,0.0
1514657150,0.0,13200.22605399,0.0
1514657151,0.0,13200.22605399,0.0
1514657152,0.00040955,13201.0,5.863e-05
1514657153,0.0,13201.0,0.0
1514657154,0.02338823,13201.0,-0.0
1514657155,0.0,13201.0,0.0
1514657156,0.0,13201.0,0.0
1514657157,0.0,13201.0,0.0
1514657158,0.0,13201.0,0.0
1514657159,0.01511258,13201.0,-0.0
1514657160,0.0,13201.0,0.0
1514657161,0.3139,13201.0,0.0
1514657162,0.0,13201.0,0.0
1514657163,0.00573673,13201.0,-0.0
1514657164,0.0,13201.0,0.0
1514657165,0.0,13201.0,0.0
1514657166,0.0,13201.0,0.0
1514657167,0.03778146,13201.0,0.0
1514657168,0.0,13201.0,0.0
1514657169,0.0,13201.0,0.0
1514657170,0.0,13201.0,0.0
1514657171,0.0,13201.0,0.0
1514657172,0.05,13200.99,-7.6e-07
1514657173,0.0,13200.99,0.0
1514657174,0.18890732,13201.0,7.6e-07
1514657175,0.04787818,13201.0,0.0
1514657176,1.45876934,13200.99,-7.6e-07
1514657177,0.0,13200.99,0.0
1514657178,1.27066215,13200.90619139,-6.35e-06
1514657179,0.0,13200.90619139,0.0
1514657180,0.282,13200.5,-3.077e-05
1514657181,0.07556573,13200.51,7.6e-07
1514657182,0.0,13200.51,0.0
1514657183,0.0,13200.51,0.0
1514657184,4.57101507,13186.28158509,-0.00107787
1514657185,3.11061567,13193.62821592,0.00055714
1514657186,0.0,13193.62821592,0.0
1514657187,0.07558646,13196.89,0.00024722
1514657188,0.57451996,13180.00333344,-0.00127959
1514657189,0.0,13180.00333344,0.0
1514657190,0.04698986,13183.40084023,0.00025778
1514657191,0.0,13183.40084023,0.0
1514657192,0.0,13183.40084023,0.0
1514657193,0.0,13183.40084023,0.0
1514657194,0.0,13183.40084023,0.0
1514657195,0.0,13183.40084023,0.0
1514657196,0.0,13183.40084023,0.0
1514657197,0.14671408,13177.96511623,-0.00041232
1514657198,0.26040278,13180.2450016,0.00017301
1514657199,7.569e-05,13177.99,-0.00017109
1514657200,0.3,13176.44,-0.00011762
1514657201,0.00757037,13176.44,0.0
1514657202,0.3830499,13176.43969429,-2e-08
1514657203,0.00340667,13176.42,-1.49e-06
1514657204,0.00378519,13176.42,0.0
1514657205,0.0079489,13176.42,0.0
1514657206,0.26133353,13176.41,-7.6e-07
1514657207,2.21813084,13176.41997552,7.6e-07
1514657208,0.0,13176.41997552,0.0
1514657209,0.0,13176.41997552,0.0
1514657210,0.0,13176.41997552,0.0
1514657211,0.0,13176.41997552,0.0
1514657212,0.0,13176.41997552,0.0
1514657213,0.0,13176.41997552,0.0
1514657214,0.0,13176.41997552,0.0
1514657215,0.0,13176.41997552,0.0
1514657216,0.0,13176.41997552,0.0
1514657217,0.0,13176.41997552,0.0
1514657218,0.0,13176.41997552,0.0
1514657219,0.0,13176.41997552,0.0
1514657220,1.2504698,13175.01247118,-0.00010682
1514657221,0.0,13175.01247118,0.0
1514657222,0.0,13175.01247118,0.0
1514657223,0.255,13175.01,-1.9e-07
1514657224,0.000759,13175.0,-7.6e-07
1514657225,0.0,13175.0,0.0
1514657226,0.0,13175.0,0.0
1514657227,1.27,13175.0,0.0
1514657228,0.05981247,13175.01,7.6e-07
1514657229,0.0,13175.01,0.0
1514657230,1.2008285,13175.0,-7.6e-07
1514657231,1.1076,13174.92259486,-5.88e-06
1514657232,0.0,13174.92259486,0.0
1514657233,0.0,13174.92259486,0.0
1514657234,0.07573607,13170.82,-0.00031139
1514657235,0.0,13170.82,0.0
1514657236,0.15147215,13170.82,0.0
1514657237,0.0,13170.82,0.0
1514657238,0.0,13170.82,0.0
1514657239,2.18979155,13154.2629608,-0.0012571
1514657240,2.00542467,13151.81026213,-0.00018646
1514657241,0.0,13151.81026213,0.0
1514657242,0.0,13151.81026213,0.0
1514657243,0.0,13151.81026213,0.0
1514657244,0.0,13151.81026213,0.0
1514657245,0.0,13151.81026213,0.0
1514657246,0.0,13151.81026213,0.0
1514657247,0.01,13158.56,0.00051322
1514657248,5.07733355,13142.55634293,-0.00121622
1514657249,0.0,13142.55634293,0.0
1514657250,0.19272383,13135.4353486,-0.00054183
1514657251,0.0,13135.4353486,0.0
1514657252,0.0,13135.4353486,0.0
1514657253,0.0,13135.4353486,0.0
1514657254,1.34506755,13140.0,0.00034751
1514657255,0.0,13140.0,0.0
1514657256,0.0,13140.0,0.0
1514657257,0.0,13140.0,0.0
1514657258,0.0,13140.0,0.0
1514657259,0.0,13140.0,0.0
1514657260,0.00764711,13139.99,-7.6e-07
1514657261,0.0,13139.99,0.0
1514657262,3.41611724,13140.0,7.6e-07
1514657263,0.0,13140.0,0.0
1514657264,0.0,13140.0,0.0
1514657265,0.0,13140.0,0.0
1514657266,0.0,13140.0,0.0
1514657267,0.0,13140.0,0.0
1514657268,0.0,13140.0,0.0
1514657269,0.0,13140.0,0.0
1514657270,2.61139426,13134.31393805,-0.00043273
1514657271,0.74773172,13128.65503531,-0.00043085
1514657272,0.0,13128.65503531,0.0
1514657273,0.0,13128.65503531,0.0
1514657274,0.0,13128.65503531,0.0
1514657275,0.0,13128.65503531,0.0
1514657276,0.0,13128.65503531,0.0
1514657277,0.00171543,13130.05,0.00010625
1514657278,11.83499938,13093.7102322,-0.00276768
1514657279,0.0,13093.7102322,0.0
1514657280,0.0,13093.7102322,0.0
1514657281,0.0,13093.7102322,0.0
1514657282,0.251,13123.89,0.00230491
1514657283,0.0,13123.89,0.0
1514657284,0.0,13123.89,0.0
1514657285,0.3454084,13100.13252048,-0.00181025
1514657286,0.0,13100.13252048,0.0
1514657287,0.0,13100.13252048,0.0
1514657288,0.50523641,13104.76415262,0.00035356
1514657289,0.0,13104.76415262,0.0
1514657290,0.0,13104.76415262,0.0
1514657291,0.0,13104.76415262,0.0
1514657292,0.33901,13111.82960896,0.00053915
1514657293,0.0,13111.82960896,0.0
1514657294,0.21,13112.64,6.181e-05
1514657295,0.0,13112.64,0.0
1514657296,0.07450315,13112.75,8.39e-06
1514657297,0.0,13112.75,0.0
1514657298,0.0,13112.75,0.0
1514657299,0.1724124,13117.5154693,0.00036342
1514657300,0.0,13117.5154693,0.0
1514657301,0.0,13117.5154693,0.0
1514657302,0.0,13117.5154693,0.0
1514657303,0.18711584,13119.74980095,0.00017033
1514657304,2.7157,13115.34663469,-0.00033561
1514657305,4.12114655,13110.58909839,-0.00036275
1514657306,0.0,13110.58909839,0.0
1514657307,0.0,13110.58909839,0.0
1514657308,0.00760449,13117.33,0.00051416
1514657309,0.0,13117.33,0.0
1514657310,0.0,13117.33,0.0
1514657311,0.0,13117.33,0.0
1514657312,0.0,13117.33,0.0
1514657313,0.04562802,13117.02,-2.363e-05
1514657314,0.01,13117.02,-0.0
1514657315,0.0,13117.02,0.0
1514657316,0.5,13117.01,-7.6e-07
1514657317,5.70435269,13118.33813652,0.00010125
1514657318,0.21265448,13120.2253141,0.00014386
1514657319,0.0,13120.2253141,0.0
1514657320,0.0,13120.2253141,0.0
1514657321,0.0,13120.2253141,0.0
1514657322,0.81883125,13117.31886454,-0.00022152
1514657323,9.63598004,13103.70531718,-0.00103783
1514657324,6.22118901,13091.34294908,-0.00094343
1514657325,3.88495304,13085.0,-0.00048451
1514657326,0.59867155,13081.47426539,-0.00026945
1514657327,0.45678044,13080.81893594,-5.01e-05
1514657328,0.20561178,13080.0125267,-6.165e-05
1514657329,0.05552646,13080.02,5.7e-07
1514657330,0.7978642,13080.01,-7.6e-07
1514657331,0.04197796,13080.01,0.0
1514657332,0.0,13080.01,0.0
1514657333,0.0,13080.01,0.0
1514657334,0.0,13080.01,0.0
1514657335,0.0,13080.01,0.0
1514657336,0.0,13080.01,0.0
1514657337,1.0,13080.01,0.0
1514657338,2.0,13080.01,0.0
1514657339,1.66094969,13080.01,-0.0
1514657340,0.0,13080.01,0.0
1514657341,0.22843684,13099.9825072,0.00152695
1514657342,0.03460473,13080.02,-0.00152386
1514657343,0.0,13080.02,0.0
1514657344,0.01434992,13080.02,0.0
1514657345,18.75751888,13076.54590502,-0.0002656
1514657346,2.80495492,13091.53020949,0.00114589
1514657347,0.0,13091.53020949,0.0
1514657348,0.0,13091.53020949,0.0
1514657349,0.0225,13076.54,-0.00114503
1514657350,0.0,13076.54,0.0
1514657351,0.0,13076.54,0.0
1514657352,0.0,13076.54,0.0
1514657353,0.0,13076.54,0.0
1514657354,0.0,13076.54,0.0
1514657355,0.0,13076.54,0.0
1514657356,0.0,13076.54,0.0
1514657357,0.0,13076.54,0.0
1514657358,0.05447286,13076.54,0.0
1514657359,0.08315426,13076.54,-0.0
1514657360,0.0,13076.54,0.0
1514657361,1.39440387,13077.15043413,4.668e-05
1514657362,0.018,13082.01,0.00037161
1514657363,0.0,13082.01,0.0
1514657364,0.012287,13082.09,6.12e-06
1514657365,0.0,13082.09,0.0
1514657366,0.0,13082.09,0.0
1514657367,0.0,13082.09,0.0
1514657368,0.0,13082.09,0.0
1514657369,0.0,13082.09,0.0
1514657370,3.32,13108.06304237,0.00198539
1514657371,0.28412185,13103.05,-0.00038244
1514657372,0.0,13103.05,0.0
1514657373,0.0,13103.05,0.0
1514657374,1.23366986,13103.05,-0.0
1514657375,0.0,13103.05,0.0
1514657376,0.0,13103.05,0.0
1514657377,0.0,13103.05,0.0
1514657378,0.0,13103.05,0.0
1514657379,0.0,13103.05,0.0
1514657380,0.0,13103.05,0.0
1514657381,0.0,13103.05,0.0
1514657382,0.0,13103.05,0.0
1514657383,0.0,13103.05,0.0
1514657384,0.00432634,13103.05,0.0
1514657385,0.0,13103.05,0.0
1514657386,0.0,13103.05,0.0
1514657387,0.0,13103.05,0.0
1514657388,0.0,13103.05,0.0
1514657389,0.0,13103.05,0.0
1514657390,0.0,13103.05,0.0
1514657391,0.0,13103.05,0.0
1514657392,0.0,13103.05,0.0
1514657393,0.9422,13103.05,0.0
1514657394,0.008,13103.05,0.0
1514657395,0.0,13103.05,0.0
1514657396,7.68796095,13104.66197684,0.00012302
1514657397,0.0,13104.66197684,0.0
1514657398,0.08398275,13107.33343558,0.00020386
1514657399,0.0,13107.33343558,0.0
1514657400,0.0,13107.33343558,0.0
1514657401,0.06283978,13103.99,-0.00025508
1514657402,0.0,13103.99,0.0
1514657403,0.0,13103.99,0.0
1514657404,0.0,13103.99,0.0
1514657405,0.0,13103.99,0.0
1514657406,1.97217707,13109.9142292,0.00045209
1514657407,0.0,13109.9142292,0.0
1514657408,0.0,13109.9142292,0.0
1514657409,0.0,13109.9142292,0.0
1514657410,0.0,13109.9142292,0.0
1514657411,0.00760878,13109.93,1.2e-06
1514657412,0.0,13109.93,0.0
1514657413,0.0,13109.93,0.0
1514657414,0.01010725,13109.96585685,2.74e-06
1514657415,0.44151709,13110.0,2.6e-06
1514657416,0.0,13110.0,0.0
1514657417,0.11402434,13104.09,-0.0004508
1514657418,0.11390032,13104.0723207,-1.35e-06
1514657419,0.0,13104.0723207,0.0
1514657420,0.0,13104.0723207,0.0
1514657421,0.03,13104.09,1.35e-06
1514657422,0.05,13104.09,0.0
1514657423,0.0,13104.09,0.0
1514657424,0.0,13104.09,0.0
1514657425,0.17612174,13104.09,0.0
1514657426,0.0,13104.09,0.0
1514657427,0.0,13104.09,0.0
1514657428,0.01761217,13104.09,-0.0
1514657429,0.03,13104.09,0.0
1514657430,0.0,13104.09,0.0
1514657431,0.0,13104.09,0.0
1514657432,0.0,13104.09,0.0
1514657433,0.00332861,13104.08,-7.6e-07
1514657434,0.0,13104.08,0.0
1514657435,0.4435,13104.09,7.6e-07
1514657436,0.08,13104.09,-0.0
1514657437,0.0,13104.09,0.0
1514657438,0.0,13104.09,0.0
1514657439,0.0,13104.09,0.0
1514657440,0.0,13104.09,0.0
1514657441,0.0,13104.09,0.0
1514657442,0.01,13104.09,0.0
1514657443,0.0,13104.09,0.0
1514657444,0.00079623,13104.09,0.0
1514657445,0.0,13104.09,0.0
1514657446,0.02359804,13104.09,0.0
1514657447,0.0,13104.09,0.0
1514657448,0.0,13104.09,0.0
1514657449,0.0,13104.09,0.0
1514657450,0.0,13104.09,0.0
1514657451,0.2036946,13104.08,-7.6e-07
1514657452,0.0,13104.08,0.0
1514657453,0.0,13104.08,0.0
1514657454,0.01,13104.09,7.6e-07
1514657455,2.8123,13104.09,0.0
1514657456,0.07926964,13109.96063909,0.000448
1514657457,0.0,13109.96063909,0.0
1514657458,0.3803912,13111.5839082,0.00012382
1514657459,0.01419611,13117.28,0.00043443
1514657460,0.01,13117.28,-0.0
1514657461,0.47175345,13105.51189716,-0.00089715
1514657462,0.0,13105.51189716,0.0
1514657463,10.07045204,13129.83289178,0.00185578
1514657464,2.26657368,13130.86028994,7.825e-05
1514657465,0.37643258,13140.0,0.00069605
1514657466,1.6822259,13135.62293665,-0.00033311
1514657467,1.11079322,13139.99137015,0.00033256
1514657468,0.0,13139.99137015,0.0
1514657469,0.01076369,13140.0,6.6e-07
1514657470,0.0,13140.0,0.0
1514657471,0.15413919,13140.0,0.0
1514657472,0.0,13140.0,0.0
1514657473,0.0,13140.0,0.0
1514657474,0.1004346,13140.0,0.0
1514657475,0.3306,13140.0,0.0
1514657476,0.0,13140.0,0.0
1514657477,0.0,13140.0,0.0
1514657478,0.0,13140.0,0.0
1514657479,0.0,13140.0,0.0
1514657480,0.36269372,13140.0,0.0
1514657481,0.00759137,13140.0,-0.0
1514657482,0.5,13139.99,-7.6e-07
1514657483,7.591e-05,13140.0,7.6e-07
1514657484,0.0,13140.0,0.0
1514657485,0.02262001,13140.0,0.0
1514657486,0.00029469,13139.99,-7.6e-07
1514657487,0.03,13140.0,7.6e-07
1514657488,0.03114114,13140.0,-0.0
1514657489,0.29152806,13140.0,0.0
1514657490,0.00117342,13139.99,-7.6e-07
1514657491,0.0,13139.99,0.0
1514657492,1.5623,13140.0,7.6e-07
1514657493,0.0,13140.0,0.0
1514657494,2.70668137,13140.0,0.0
1514657495,1.68151046,13145.83334598,0.00044394
1514657496,2.24775014,13168.55366161,0.00172833
1514657497,0.00099199,13174.99,0.00048877
1514657498,0.0,13174.99,0.0
1514657499,0.0,13174.99,0.0
1514657500,0.0,13174.99,0.0
1514657501,0.0,13174.99,0.0
1514657502,0.0,13174.99,0.0
1514657503,0.4904634,13175.0,7.6e-07
1514657504,0.0845749,13175.0,-0.0
1514657505,0.01,13175.0,0.0
1514657506,2.64976269,13175.0,0.0
1514657507,2.38531383,13176.50614725,0.00011432
1514657508,0.49279874,13193.26771501,0.00127208
1514657509,0.0,13193.26771501,0.0
1514657510,0.0,13193.26771501,0.0
1514657511,0.0,13193.26771501,0.0
1514657512,0.0,13193.26771501,0.0
1514657513,0.0,13193.26771501,0.0
1514657514,2.2319,13197.69291928,0.00033541
1514657515,0.0,13197.69291928,0.0
1514657516,0.52897728,13200.08218684,0.00018104
1514657517,0.50119924,13203.82212853,0.00028333
1514657518,0.22334651,13208.05955227,0.00032092
1514657519,0.30209015,13208.06,3e-08
1514657520,2.17106583,13208.07525579,1.16e-06
1514657521,0.0,13208.07525579,0.0
1514657522,0.0,13208.07525579,0.0
1514657523,0.04908957,13208.08,3.6e-07
1514657524,0.05,13208.08,0.0
1514657525,0.0,13208.08,0.0
1514657526,0.02,13210.0,0.00014537
1514657527,0.0,13210.0,0.0
1514657528,0.02869057,13210.0,0.0
1514657529,0.0,13210.0,0.0
1514657530,0.05,13210.0,0.0
1514657531,0.0,13210.0,0.0
1514657532,0.2,13210.0,0.0
1514657533,0.01,13210.0,0.0
1514657534,2.1437,13218.64260794,0.00065425
1514657535,1.78733393,13221.6802483,0.0002298
1514657536,0.0,13221.6802483,0.0
1514657537,0.14345917,13232.03959266,0.00078351
1514657538,0.19671504,13225.15047952,-0.00052064
1514657539,0.0,13225.15047952,0.0
1514657540,0.0,13225.15047952,0.0
1514657541,0.0,13225.15047952,0.0
1514657542,0.2432524,13230.8,0.00042718
1514657543,0.0,13230.8,0.0
1514657544,0.0,13230.8,0.0
1514657545,0.0,13230.8,0.0
1514657546,0.15086312,13223.99,-0.00051471
1514657547,0.0,13223.99,0.0
1514657548,0.0,13223.99,0.0
1514657549,0.0,13223.99,0.0
1514657550,0.0,13223.99,0.0
1514657551,0.03625229,13223.99,-0.0
1514657552,0.01,13223.99,0.0
1514657553,0.0,13223.99,0.0
1514657554,0.0,13223.99,0.0
1514657555,1.9053,13237.14368136,0.00099468
1514657556,1.01726888,13237.7332183,4.454e-05
1514657557,0.11,13242.39090909,0.00035185
1514657558,0.0,13242.39090909,0.0
1514657559,0.0,13242.39090909,0.0
1514657560,0.02,13244.0,0.00012151
1514657561,0.0,13244.0,0.0
1514657562,0.00564881,13244.0,0.0
1514657563,0.0,13244.0,0.0
1514657564,0.0,13244.0,0.0
1514657565,0.0,13244.0,0.0
1514657566,0.07139888,13236.66063538,-0.00055417
1514657567,0.01706362,13241.58224071,0.00037182
1514657568,0.19671504,13224.04779444,-0.0013242
1514657569,0.0,13224.04779444,0.0
1514657570,0.01,13243.7,0.0014861
1514657571,0.22606105,13243.57,-9.82e-06
1514657572,0.59298676,13221.30397139,-0.00168127
1514657573,0.0,13221.30397139,0.0
1514657574,0.0,13221.30397139,0.0
1514657575,4.78282,13245.00787063,0.00179286
1514657576,0.0,13245.00787063,0.0
1514657577,1.8669,13243.17484946,-0.00013839
1514657578,0.03766124,13243.14,-2.63e-06
1514657579,0.19,13220.81356828,-0.00168589
1514657580,0.0,13220.81356828,0.0
1514657581,0.0,13220.81356828,0.0
1514657582,0.05,13241.25144,0.00154589
1514657583,0.00124725,13220.01,-0.00160419
1514657584,0.25319763,13220.0,-7.6e-07
1514657585,0.01,13220.01,7.6e-07
1514657586,0.0,13220.01,0.0
1514657587,0.0,13220.01,0.0
1514657588,0.0,13220.01,0.0
1514657589,0.23090854,13220.00653542,-2.6e-07
1514657590,0.0,13220.00653542,0.0
1514657591,0.0,13220.00653542,0.0
1514657592,0.0,13220.00653542,0.0
1514657593,0.0,13220.00653542,0.0
1514657594,0.21318748,13220.01,2.6e-07
1514657595,0.0,13220.01,0.0
1514657596,0.31716705,13220.00569228,-3.3e-07
1514657597,0.0,13220.00569228,0.0
1514657598,0.0,13220.00569228,0.0
1514657599,2.9575,13220.01,3.3e-07
1514657600,0.01970639,13220.01,-0.0
1514657601,0.0,13220.01,0.0
1514657602,0.03,13220.01,-0.0
1514657603,0.1131814,13220.01,0.0
1514657604,0.0,13220.01,0.0
1514657605,0.0,13220.01,0.0
1514657606,0.01824559,13220.01,0.0
1514657607,0.0,13220.01,0.0
1514657608,0.0,13220.01,0.0
1514657609,0.0,13220.01,0.0
1514657610,0.00754542,13220.01,0.0
1514657611,0.0,13220.01,0.0
1514657612,0.0,13220.01,0.0
1514657613,0.03772713,13220.01,0.0
1514657614,0.0,13220.01,0.0
1514657615,0.07078472,13220.01,-0.0
1514657616,0.7448,13219.75065427,-1.962e-05
1514657617,0.0,13219.75065427,0.0
1514657618,0.0,13219.75065427,0.0
1514657619,0.0,13219.75065427,0.0
1514657620,0.00754543,13219.99,1.811e-05
1514657621,0.01,13220.0,7.6e-07
1514657622,0.0,13220.0,0.0
1514657623,0.0,13220.0,0.0
1514657624,0.0,13220.0,0.0
1514657625,0.0,13220.0,0.0
1514657626,0.0,13220.0,0.0
1514657627,0.01,13220.0,0.0
1514657628,0.0,13220.0,0.0
1514657629,0.0,13220.0,0.0
1514657630,0.0,13220.0,0.0
1514657631,0.0,13220.0,0.0
1514657632,1.0183,13219.92336397,-5.8e-06
1514657633,0.04104815,13220.0,5.8e-06
1514657634,0.0,13220.0,0.0
1514657635,0.0,13220.0,0.0
1514657636,0.08,13220.0,0.0
1514657637,0.04912801,13220.0,0.0
1514657638,0.0,13220.0,0.0
1514657639,0.08,13220.0,-0.0
1514657640,0.0,13220.0,0.0
1514657641,0.0,13220.0,0.0
1514657642,0.02,13220.0,0.0
1514657643,0.0,13220.0,0.0
1514657644,0.02,13220.0,0.0
1514657645,2.36227182,13239.8310284,0.00150008
1514657646,0.00440692,13241.45,0.00012228
1514657647,0.0,13241.45,0.0
1514657648,0.00016347,13241.45,0.0
1514657649,0.0,13241.45,0.0
1514657650,2.007,13257.79432192,0.00123433
1514657651,0.01,13241.45,-0.00123281
1514657652,0.01179155,13260.0,0.0014009
1514657653,0.0,13260.0,0.0
1514657654,0.05,13259.96,-3.02e-06
1514657655,0.07608193,13259.94,-1.51e-06
1514657656,0.99641505,13220.86323905,-0.00294698
1514657657,0.0,13220.86323905,0.0
1514657658,0.0,13220.86323905,0.0
1514657659,0.0,13220.86323905,0.0
1514657660,0.00160351,13244.69307014,0.00180244
1514657661,0.01121725,13249.98216262,0.00039934
1514657662,0.0,13249.98216262,0.0
1514657663,0.0,13249.98216262,0.0
1514657664,0.08459683,13220.99,-0.00218809
1514657665,0.02,13220.99,0.0
1514657666,0.0,13220.99,0.0
1514657667,0.03424368,13223.99,0.00022691
1514657668,1.9298,13255.94882537,0.00241673
1514657669,0.0,13255.94882537,0.0
1514657670,0.02913491,13251.66244479,-0.00032336
1514657671,7.528e-05,13250.0,-0.00012545
1514657672,0.0,13250.0,0.0
1514657673,0.0,13250.0,0.0
1514657674,0.0,13250.0,0.0
1514657675,0.2,13226.2119055,-0.00179533
1514657676,0.0,13226.2119055,0.0
1514657677,0.0,13226.2119055,0.0
1514657678,0.0,13226.2119055,0.0
1514657679,0.0,13226.2119055,0.0
1514657680,0.25,13231.4316,0.00039465
1514657681,0.96158401,13255.35209908,0.00180785
1514657682,0.0,13255.35209908,0.0
1514657683,0.2,13227.09,-0.00213213
1514657684,0.0,13227.09,0.0
1514657685,0.04631278,13248.52508962,0.00162054
1514657686,0.0,13248.52508962,0.0
1514657687,0.0,13248.52508962,0.0
1514657688,0.0,13248.52508962,0.0
1514657689,0.50858637,13259.99,0.00086537
1514657690,3.6999,13268.86336805,0.00066918
1514657691,0.01503268,13271.16387785,0.00017338
1514657692,0.2,13238.38289858,-0.00247009
1514657693,0.38063049,13274.65785311,0.00274013
1514657694,0.0,13274.65785311,0.0
1514657695,0.1515614,13274.95,2.201e-05
1514657696,0.30882178,13274.09053801,-6.474e-05
1514657697,0.0,13274.09053801,0.0
1514657698,0.0130823,13274.87,5.872e-05
1514657699,0.2,13273.62,-9.416e-05
1514657700,0.11354124,13274.23387206,4.625e-05
1514657701,0.0,13274.23387206,0.0
1514657702,0.60119574,13273.63,-4.549e-05
1514657703,0.0,13273.63,0.0
1514657704,0.2,13273.62,-7.5e-07
1514657705,0.72,13273.51166458,-8.16e-06
1514657706,0.0,13273.51166458,0.0
1514657707,0.0,13273.51166458,0.0
1514657708,0.02254407,13274.08,4.282e-05
1514657709,0.2,13273.98,-7.53e-06
1514657710,0.01,13273.99,7.5e-07
1514657711,0.98663324,13273.99,0.0
1514657712,0.69331662,13273.98711532,-2.2e-07
1514657713,0.62870899,13273.99,2.2e-07
1514657714,0.0,13273.99,0.0
1514657715,1.4974,13273.99,-0.0
1514657716,0.0,13273.99,0.0
1514657717,0.2,13273.98,-7.5e-07
1514657718,0.99942288,13274.49382167,3.871e-05
1514657719,0.01,13275.0,3.813e-05
1514657720,0.04308135,13275.0,-0.0
1514657721,0.0,13275.0,0.0
1514657722,0.2,13274.19398267,-6.072e-05
1514657723,0.03427716,13274.99708261,6.05e-05
1514657724,0.0,13274.99708261,0.0
1514657725,0.0,13274.99708261,0.0
1514657726,0.0,13274.99708261,0.0
1514657727,0.24757085,13274.9919215,-3.9e-07
1514657728,0.002,13274.99,-1.4e-07
1514657729,0.0,13274.99,0.0
1514657730,0.3884686,13274.99485158,3.7e-07
1514657731,0.0,13274.99485158,0.0
1514657732,0.66805232,13274.99955093,3.5e-07
1514657733,0.8687,13275.0,3e-08
1514657734,0.0,13275.0,0.0
1514657735,0.40622567,13274.99507663,-3.7e-07
1514657736,0.07,13275.0,3.7e-07
1514657737,0.0,13275.0,0.0
1514657738,0.2,13274.99,-7.5e-07
