sequence,price,volume,side,time
4718192819,12930.00000000,0.01000000,sell,2017-12-30T17:29:44.950000Z
4718192821,12930.01000000,0.00010000,sell,2017-12-30T17:29:44.950000Z
4718192823,12930.81000000,0.00990000,sell,2017-12-30T17:29:44.950000Z
4718193255,12930.00000000,0.05100000,buy,2017-12-30T17:29:47.595000Z
4718193257,12930.00000000,0.21460075,buy,2017-12-30T17:29:47.595000Z
4718193259,12930.00000000,0.15504258,buy,2017-12-30T17:29:47.595000Z
4718193261,12930.00000000,0.01800000,buy,2017-12-30T17:29:47.595000Z
4718193263,12930.00000000,0.04000000,buy,2017-12-30T17:29:47.595000Z
4718193265,12930.00000000,0.52135667,buy,2017-12-30T17:29:47.595000Z
4718193437,12930.01000000,0.00010000,sell,2017-12-30T17:29:48.931000Z
4718193439,12930.81000000,0.00010000,sell,2017-12-30T17:29:48.931000Z
4718193441,12940.00000000,0.01907190,sell,2017-12-30T17:29:48.931000Z
4718193449,12940.00000000,0.00067142,sell,2017-12-30T17:29:48.982000Z
4718193777,12930.02000000,0.05000000,sell,2017-12-30T17:29:51.386000Z
4718193942,12930.02000000,0.01735580,sell,2017-12-30T17:29:52.871000Z
4718193945,12930.02000000,0.02477405,sell,2017-12-30T17:29:52.888000Z
4718194104,12930.02000000,0.09257584,sell,2017-12-30T17:29:55.355000Z
4718194144,12930.01000000,0.00320000,buy,2017-12-30T17:29:56.137000Z
4718194146,12930.01000000,0.00640000,buy,2017-12-30T17:29:56.137000Z
4718194148,12930.01000000,0.01280000,buy,2017-12-30T17:29:56.137000Z
4718194150,12930.01000000,0.02560000,buy,2017-12-30T17:29:56.137000Z
4718194152,12930.01000000,0.00010008,buy,2017-12-30T17:29:56.137000Z
4718194154,12930.01000000,0.05120000,buy,2017-12-30T17:29:56.137000Z
4718194156,12930.01000000,0.00963020,buy,2017-12-30T17:29:56.137000Z
4718194158,12930.01000000,0.00020015,buy,2017-12-30T17:29:56.137000Z
4718194160,12930.01000000,0.10240000,buy,2017-12-30T17:29:56.137000Z
4718194162,12930.01000000,0.00040031,buy,2017-12-30T17:29:56.137000Z
4718194164,12930.01000000,0.00010008,buy,2017-12-30T17:29:56.137000Z
4718194166,12930.01000000,0.00010008,buy,2017-12-30T17:29:56.137000Z
4718194168,12930.01000000,0.00020015,buy,2017-12-30T17:29:56.137000Z
4718194170,12930.01000000,0.00040031,buy,2017-12-30T17:29:56.137000Z
4718194172,12930.01000000,0.00080062,buy,2017-12-30T17:29:56.137000Z
4718194174,12930.01000000,0.00160124,buy,2017-12-30T17:29:56.137000Z
4718194176,12930.01000000,0.00020015,buy,2017-12-30T17:29:56.137000Z
4718194178,12930.01000000,0.00020015,buy,2017-12-30T17:29:56.137000Z
4718194180,12930.01000000,0.18446648,buy,2017-12-30T17:29:56.137000Z
4718194235,12930.01000000,0.30000000,buy,2017-12-30T17:29:56.821000Z
4718194265,12930.02000000,0.04000000,sell,2017-12-30T17:29:57.249000Z
4718194323,12930.02000000,0.02515153,sell,2017-12-30T17:29:57.872000Z
4718194332,12930.01000000,0.26218731,buy,2017-12-30T17:29:57.964000Z
4718194334,12930.01000000,0.00010000,buy,2017-12-30T17:29:57.964000Z
4718194336,12930.01000000,0.00160450,buy,2017-12-30T17:29:57.964000Z
4718194338,12930.01000000,0.00020000,buy,2017-12-30T17:29:57.964000Z
4718194340,12930.01000000,0.00040000,buy,2017-12-30T17:29:57.964000Z
4718194342,12930.01000000,0.00080000,buy,2017-12-30T17:29:57.964000Z
4718194344,12930.01000000,0.00160000,buy,2017-12-30T17:29:57.964000Z
4718194346,12930.01000000,0.00320000,buy,2017-12-30T17:29:57.964000Z
4718194348,12930.01000000,0.00119000,buy,2017-12-30T17:29:57.964000Z
4718194350,12930.01000000,0.00010000,buy,2017-12-30T17:29:57.964000Z
4718194352,12930.01000000,0.00020000,buy,2017-12-30T17:29:57.964000Z
4718194354,12930.01000000,0.00020000,buy,2017-12-30T17:29:57.964000Z
4718194356,12930.01000000,0.11583000,buy,2017-12-30T17:29:57.964000Z
4718194358,12930.01000000,0.00141693,buy,2017-12-30T17:29:57.964000Z
4718194360,12930.01000000,0.02087701,buy,2017-12-30T17:29:57.964000Z
4718194669,12930.00000000,0.30000000,buy,2017-12-30T17:30:00.810000Z
4718194681,12930.01000000,0.05000000,sell,2017-12-30T17:30:01.138000Z
4718194690,12930.01000000,0.04202169,sell,2017-12-30T17:30:01.293000Z
4718194881,12930.01000000,0.02414789,sell,2017-12-30T17:30:03.545000Z
4718194892,12930.01000000,0.02585211,sell,2017-12-30T17:30:03.592000Z
4718194922,12930.00000000,0.30000000,buy,2017-12-30T17:30:03.809000Z
4718195002,12930.01000000,0.05818144,sell,2017-12-30T17:30:04.881000Z
4718195084,12930.01000000,3.25050000,sell,2017-12-30T17:30:05.789000Z
4718195107,12930.01000000,2.13939112,sell,2017-12-30T17:30:05.976000Z
4718195109,12930.01000000,0.21460075,sell,2017-12-30T17:30:05.976000Z
4718195111,12930.01000000,0.15504258,sell,2017-12-30T17:30:05.976000Z
4718195113,12930.01000000,0.00963020,sell,2017-12-30T17:30:05.976000Z
4718195115,12930.01000000,0.16890000,sell,2017-12-30T17:30:05.976000Z
4718195117,12930.01000000,0.12920000,sell,2017-12-30T17:30:05.976000Z
4718195119,12930.01000000,0.01000000,sell,2017-12-30T17:30:05.976000Z
4718195121,12930.01000000,1.00000000,sell,2017-12-30T17:30:05.976000Z
4718195123,12930.01000000,0.05000000,sell,2017-12-30T17:30:05.976000Z
4718195125,12930.01000000,0.00010000,sell,2017-12-30T17:30:05.976000Z
4718195127,12930.01000000,0.80014278,sell,2017-12-30T17:30:05.976000Z
4718195129,12930.02000000,0.00010000,sell,2017-12-30T17:30:05.976000Z
4718195131,12930.02000000,0.00010000,sell,2017-12-30T17:30:05.976000Z
4718195133,12930.02000000,0.01000000,sell,2017-12-30T17:30:05.976000Z
4718195135,12930.02000000,0.00010000,sell,2017-12-30T17:30:05.976000Z
4718195137,12933.24000000,0.03861400,sell,2017-12-30T17:30:05.976000Z
4718195139,12933.24000000,0.03861400,sell,2017-12-30T17:30:05.976000Z
4718195141,12933.24000000,0.03861400,sell,2017-12-30T17:30:05.976000Z
4718195143,12933.24000000,0.03861400,sell,2017-12-30T17:30:05.976000Z
4718195145,12933.24000000,0.03861400,sell,2017-12-30T17:30:05.976000Z
4718195147,12933.24000000,0.03861400,sell,2017-12-30T17:30:05.976000Z
4718195149,12933.24000000,0.03861400,sell,2017-12-30T17:30:05.976000Z
4718195151,12933.24000000,0.03861400,sell,2017-12-30T17:30:05.976000Z
4718195153,12933.24000000,0.03861400,sell,2017-12-30T17:30:05.976000Z
4718195155,12933.24000000,0.03861400,sell,2017-12-30T17:30:05.976000Z
4718195157,12933.24000000,0.03861400,sell,2017-12-30T17:30:05.976000Z
4718195159,12933.24000000,0.03861900,sell,2017-12-30T17:30:05.976000Z
4718195161,12933.24000000,0.03861900,sell,2017-12-30T17:30:05.976000Z
4718195163,12933.24000000,0.03861900,sell,2017-12-30T17:30:05.976000Z
4718195165,12933.24000000,0.03861900,sell,2017-12-30T17:30:05.976000Z
4718195167,12933.24000000,0.03861900,sell,2017-12-30T17:30:05.976000Z
4718195169,12933.24000000,0.03861900,sell,2017-12-30T17:30:05.976000Z
4718195171,12933.24000000,0.03861900,sell,2017-12-30T17:30:05.976000Z
4718195173,12933.24000000,0.03861900,sell,2017-12-30T17:30:05.976000Z
4718195175,12933.24000000,0.03861900,sell,2017-12-30T17:30:05.976000Z
4718195177,12933.24000000,0.03861900,sell,2017-12-30T17:30:05.976000Z
4718195179,12933.24000000,0.03861900,sell,2017-12-30T17:30:05.976000Z
4718195181,12933.24000000,0.03861900,sell,2017-12-30T17:30:05.976000Z
4718195183,12933.24000000,0.03861900,sell,2017-12-30T17:30:05.976000Z
4718195185,12933.24000000,0.03861900,sell,2017-12-30T17:30:05.976000Z
4718195187,12933.24000000,0.03861900,sell,2017-12-30T17:30:05.976000Z
4718195189,12934.26000000,0.03861400,sell,2017-12-30T17:30:05.976000Z
4718195191,12935.00000000,0.10000000,sell,2017-12-30T17:30:05.976000Z
4718195193,12935.50000000,0.03861400,sell,2017-12-30T17:30:05.976000Z
4718195195,12935.82000000,0.03861400,sell,2017-12-30T17:30:05.976000Z
4718195197,12936.32000000,0.03861900,sell,2017-12-30T17:30:05.976000Z
4718195199,12936.34000000,0.03861900,sell,2017-12-30T17:30:05.976000Z
4718195201,12936.36000000,0.03861900,sell,2017-12-30T17:30:05.976000Z
4718195203,12937.00000000,0.50000000,sell,2017-12-30T17:30:05.976000Z
4718195205,12937.09000000,0.03861400,sell,2017-12-30T17:30:05.976000Z
4718195207,12937.09000000,0.03861900,sell,2017-12-30T17:30:05.976000Z
4718195209,12937.55000000,0.03861900,sell,2017-12-30T17:30:05.976000Z
4718195211,12938.64000000,0.00570000,sell,2017-12-30T17:30:05.976000Z
4718195213,12939.72000000,0.03861400,sell,2017-12-30T17:30:05.976000Z
4718195215,12939.99000000,0.00320000,sell,2017-12-30T17:30:05.976000Z
4718195217,12939.99000000,0.00640000,sell,2017-12-30T17:30:05.976000Z
4718195219,12939.99000000,0.00010000,sell,2017-12-30T17:30:05.976000Z
4718195221,12939.99000000,0.01280000,sell,2017-12-30T17:30:05.976000Z
4718195223,12939.99000000,0.02560000,sell,2017-12-30T17:30:05.976000Z
4718195225,12939.99000000,0.05120000,sell,2017-12-30T17:30:05.976000Z
4718195227,12939.99000000,0.10240000,sell,2017-12-30T17:30:05.976000Z
4718195229,12939.99000000,0.00010008,sell,2017-12-30T17:30:05.976000Z
4718195231,12939.99000000,0.00040031,sell,2017-12-30T17:30:05.977000Z
4718195233,12939.99000000,0.00080062,sell,2017-12-30T17:30:05.977000Z
4718195235,12939.99000000,0.00160124,sell,2017-12-30T17:30:05.977000Z
4718195237,12940.00000000,0.02181592,sell,2017-12-30T17:30:05.977000Z
4718195239,12940.10000000,0.03861400,sell,2017-12-30T17:30:05.977000Z
4718195241,12940.32000000,0.03861400,sell,2017-12-30T17:30:05.977000Z
4718195243,12940.32000000,0.45755452,sell,2017-12-30T17:30:05.977000Z
4718195245,12941.19000000,0.03861900,sell,2017-12-30T17:30:05.977000Z
4718195247,12941.79000000,0.03861900,sell,2017-12-30T17:30:05.977000Z
4718195249,12942.47000000,0.03861400,sell,2017-12-30T17:30:05.977000Z
4718195251,12942.81000000,0.03861900,sell,2017-12-30T17:30:05.977000Z
4718195253,12943.58000000,0.03861400,sell,2017-12-30T17:30:05.977000Z
4718195255,12943.70000000,0.03861400,sell,2017-12-30T17:30:05.977000Z
4718195257,12943.75000000,0.03692261,sell,2017-12-30T17:30:05.977000Z
4718195424,12930.01000000,0.00010000,sell,2017-12-30T17:30:06.942000Z
4718195426,12930.01000000,0.01000000,sell,2017-12-30T17:30:06.942000Z
4718195428,12946.16000000,0.01990000,sell,2017-12-30T17:30:06.942000Z
4718195681,12946.15000000,0.00000011,sell,2017-12-30T17:30:07.577000Z
4718195918,12940.79000000,0.00570000,sell,2017-12-30T17:30:08.502000Z
4718195920,12946.15000000,0.00639989,sell,2017-12-30T17:30:08.502000Z
4718195922,12946.15000000,0.00756190,sell,2017-12-30T17:30:08.502000Z
4718195934,12946.15000000,0.00523811,sell,2017-12-30T17:30:08.512000Z
4718195936,12946.15000000,0.02560002,sell,2017-12-30T17:30:08.512000Z
4718195938,12946.15000000,0.01950008,sell,2017-12-30T17:30:08.512000Z
4718196003,12946.14000000,0.25933390,buy,2017-12-30T17:30:08.899000Z
4718196005,12946.14000000,0.05000000,buy,2017-12-30T17:30:08.899000Z
4718196007,12946.14000000,0.15484941,buy,2017-12-30T17:30:08.899000Z
4718196009,12946.14000000,0.21433337,buy,2017-12-30T17:30:08.899000Z
4718196011,12946.14000000,0.05592700,buy,2017-12-30T17:30:08.899000Z
4718196013,12937.54000000,0.00033159,buy,2017-12-30T17:30:08.899000Z
4718196015,12930.01000000,0.25000000,buy,2017-12-30T17:30:08.899000Z
4718196017,12930.01000000,0.00640000,buy,2017-12-30T17:30:08.899000Z
4718196019,12930.01000000,0.00966445,buy,2017-12-30T17:30:08.899000Z
4718196021,12930.01000000,0.01280001,buy,2017-12-30T17:30:08.899000Z
4718196023,12930.01000000,0.02560002,buy,2017-12-30T17:30:08.899000Z
4718196025,12930.01000000,0.03529706,buy,2017-12-30T17:30:08.899000Z
4718196595,12943.78000000,0.00570000,sell,2017-12-30T17:30:14.380000Z
4718196597,12943.78000000,0.00971290,sell,2017-12-30T17:30:14.380000Z
4718196611,12943.78000000,0.05590799,sell,2017-12-30T17:30:14.569000Z
4718196626,12943.78000000,0.01000000,sell,2017-12-30T17:30:14.916000Z
4718196657,12943.78000000,0.00770645,sell,2017-12-30T17:30:16.027000Z
4718196784,12943.78000000,0.01878300,sell,2017-12-30T17:30:17.861000Z
4718196787,12943.78000000,0.00385322,sell,2017-12-30T17:30:17.861000Z
4718197158,12943.78000000,0.04888585,sell,2017-12-30T17:30:22.347000Z
4718197160,12943.78000000,0.21433337,sell,2017-12-30T17:30:22.347000Z
4718197162,12943.78000000,0.99162318,sell,2017-12-30T17:30:22.347000Z
4718197258,12943.77000000,0.01664358,buy,2017-12-30T17:30:24.525000Z
4718197260,12943.77000000,0.10000000,buy,2017-12-30T17:30:24.525000Z
4718197262,12943.77000000,0.17605642,buy,2017-12-30T17:30:24.525000Z
4718197372,12943.78000000,0.00837682,sell,2017-12-30T17:30:26.843000Z
4718197374,12943.78000000,0.07518662,sell,2017-12-30T17:30:26.843000Z
4718197971,12943.78000000,0.04001338,sell,2017-12-30T17:30:36.054000Z
4718197973,12943.78000000,0.95811245,sell,2017-12-30T17:30:36.054000Z
4718197981,12943.78000000,0.03342505,sell,2017-12-30T17:30:36.152000Z
4718197990,12943.78000000,0.00846250,sell,2017-12-30T17:30:36.266000Z
4718197992,12943.78000000,0.00153750,sell,2017-12-30T17:30:36.266000Z
4718198101,12943.78000000,0.00812299,sell,2017-12-30T17:30:37.578000Z
4718198103,12943.78000000,0.00312843,sell,2017-12-30T17:30:37.578000Z
4718198523,12943.78000000,0.00687157,sell,2017-12-30T17:30:46.120000Z
4718198525,12943.78000000,0.02000000,sell,2017-12-30T17:30:46.120000Z
4718198527,12943.78000000,0.00010000,sell,2017-12-30T17:30:46.120000Z
4718198529,12943.78000000,0.02100000,sell,2017-12-30T17:30:46.120000Z
4718198531,12943.78000000,0.00202843,sell,2017-12-30T17:30:46.120000Z
4718198568,12943.77000000,3.62394358,buy,2017-12-30T17:30:46.572000Z
4718198570,12943.77000000,0.00966049,buy,2017-12-30T17:30:46.572000Z
4718198572,12943.77000000,0.00823268,buy,2017-12-30T17:30:46.572000Z
4718198574,12943.77000000,0.01000000,buy,2017-12-30T17:30:46.572000Z
4718198576,12943.77000000,0.01000000,buy,2017-12-30T17:30:46.572000Z
4718198578,12943.77000000,0.70989117,buy,2017-12-30T17:30:46.572000Z
4718198580,12943.77000000,0.02943611,buy,2017-12-30T17:30:46.572000Z
4718198582,12943.77000000,0.15405171,buy,2017-12-30T17:30:46.572000Z
4718198584,12943.77000000,0.03408744,buy,2017-12-30T17:30:46.572000Z
4718198586,12943.77000000,0.02977100,buy,2017-12-30T17:30:46.572000Z
4718198588,12943.77000000,1.73000000,buy,2017-12-30T17:30:46.572000Z
4718198590,12943.77000000,0.00040000,buy,2017-12-30T17:30:46.572000Z
4718198592,12943.77000000,0.07792270,buy,2017-12-30T17:30:46.572000Z
4718198594,12943.77000000,1.00000000,buy,2017-12-30T17:30:46.572000Z
4718198596,12943.00000000,0.62900000,buy,2017-12-30T17:30:46.572000Z
4718198598,12940.00000000,0.00200000,buy,2017-12-30T17:30:46.572000Z
4718198600,12940.00000000,0.03000000,buy,2017-12-30T17:30:46.572000Z
4718198602,12934.00000000,0.03500000,buy,2017-12-30T17:30:46.572000Z
4718198604,12930.99000000,1.00000000,buy,2017-12-30T17:30:46.572000Z
4718198606,12930.02000000,0.20480000,buy,2017-12-30T17:30:46.572000Z
4718198608,12930.02000000,0.00010012,buy,2017-12-30T17:30:46.572000Z
4718198610,12930.02000000,0.00020025,buy,2017-12-30T17:30:46.572000Z
4718198612,12930.02000000,0.00040050,buy,2017-12-30T17:30:46.572000Z
4718198614,12930.02000000,0.00080100,buy,2017-12-30T17:30:46.572000Z
4718198616,12930.02000000,0.00160200,buy,2017-12-30T17:30:46.572000Z
4718198618,12930.02000000,0.00320399,buy,2017-12-30T17:30:46.572000Z
4718198620,12930.02000000,0.00640798,buy,2017-12-30T17:30:46.572000Z
4718198622,12930.02000000,0.00010012,buy,2017-12-30T17:30:46.572000Z
4718198624,12930.02000000,0.00020025,buy,2017-12-30T17:30:46.572000Z
4718198626,12930.02000000,0.00040050,buy,2017-12-30T17:30:46.572000Z
4718198628,12930.02000000,0.00010012,buy,2017-12-30T17:30:46.572000Z
4718198630,12930.02000000,0.00010012,buy,2017-12-30T17:30:46.572000Z
4718198632,12930.02000000,0.00020025,buy,2017-12-30T17:30:46.572000Z
4718198634,12930.01000000,0.01590298,buy,2017-12-30T17:30:46.572000Z
4718198636,12930.01000000,0.10240008,buy,2017-12-30T17:30:46.572000Z
4718198638,12930.01000000,0.35458446,buy,2017-12-30T17:30:46.572000Z
4718198640,12930.00000000,3.87864333,buy,2017-12-30T17:30:46.572000Z
4718198642,12930.00000000,0.00040000,buy,2017-12-30T17:30:46.572000Z
4718198644,12930.00000000,0.00040000,buy,2017-12-30T17:30:46.572000Z
4718198646,12930.00000000,0.00040000,buy,2017-12-30T17:30:46.572000Z
4718198648,12930.00000000,0.00080000,buy,2017-12-30T17:30:46.572000Z
4718198650,12930.00000000,0.02350000,buy,2017-12-30T17:30:46.572000Z
4718198652,12930.00000000,1.00000000,buy,2017-12-30T17:30:46.572000Z
4718198654,12930.00000000,0.01000000,buy,2017-12-30T17:30:46.572000Z
4718198656,12930.00000000,0.21090000,buy,2017-12-30T17:30:46.572000Z
4718198658,12930.00000000,0.01817958,buy,2017-12-30T17:30:46.572000Z
4718198660,12930.00000000,0.39352842,buy,2017-12-30T17:30:46.572000Z
4718198662,12930.00000000,0.01000000,buy,2017-12-30T17:30:46.572000Z
4718198664,12929.99000000,0.00080000,buy,2017-12-30T17:30:46.572000Z
4718198666,12929.99000000,0.00159999,buy,2017-12-30T17:30:46.572000Z
4718198668,12929.99000000,0.00010000,buy,2017-12-30T17:30:46.572000Z
4718198670,12929.99000000,0.00020000,buy,2017-12-30T17:30:46.572000Z
4718198672,12929.93000000,0.06720831,buy,2017-12-30T17:30:46.572000Z
4718198674,12929.92000000,0.00079815,buy,2017-12-30T17:30:46.572000Z
4718198676,12929.92000000,0.00159630,buy,2017-12-30T17:30:46.572000Z
4718198678,12929.92000000,0.00080000,buy,2017-12-30T17:30:46.572000Z
4718198680,12929.92000000,0.00080000,buy,2017-12-30T17:30:46.572000Z
4718198682,12929.92000000,0.00080000,buy,2017-12-30T17:30:46.572000Z
4718198684,12929.92000000,0.00010000,buy,2017-12-30T17:30:46.572000Z
4718198686,12929.92000000,0.00020000,buy,2017-12-30T17:30:46.572000Z
4718198688,12929.92000000,0.00040000,buy,2017-12-30T17:30:46.572000Z
4718198690,12929.90000000,1.00000000,buy,2017-12-30T17:30:46.572000Z
4718198692,12929.00000000,1.00000000,buy,2017-12-30T17:30:46.572000Z
4718198694,12929.00000000,0.30900000,buy,2017-12-30T17:30:46.572000Z
4718198696,12929.00000000,0.04000000,buy,2017-12-30T17:30:46.572000Z
4718198698,12929.00000000,0.30000000,buy,2017-12-30T17:30:46.572000Z
4718198700,12929.00000000,0.00700000,buy,2017-12-30T17:30:46.572000Z
4718198702,12928.99000000,0.02400000,buy,2017-12-30T17:30:46.572000Z
4718198704,12928.90000000,0.42566837,buy,2017-12-30T17:30:46.572000Z
4718198718,12943.78000000,0.04797157,sell,2017-12-30T17:30:46.589000Z
4718198720,12943.78000000,4.61872843,sell,2017-12-30T17:30:46.589000Z
4718198871,12943.76000000,0.03087836,sell,2017-12-30T17:30:47.694000Z
4718198939,12930.01000000,0.00000011,buy,2017-12-30T17:30:48.118000Z
4718199209,12930.02000000,0.00075000,sell,2017-12-30T17:30:49.728000Z
4718199211,12930.02000000,0.01912164,sell,2017-12-30T17:30:49.728000Z
4718199213,12930.02000000,0.00010000,sell,2017-12-30T17:30:49.728000Z
4718199215,12930.02000000,0.00002836,sell,2017-12-30T17:30:49.728000Z
4718199252,12930.02000000,0.06820200,sell,2017-12-30T17:30:50.466000Z
4718199360,12930.02000000,0.19286633,sell,2017-12-30T17:30:51.311000Z
4718199551,12930.01000000,0.00010000,buy,2017-12-30T17:30:52.415000Z
4718199553,12930.01000000,0.00340000,buy,2017-12-30T17:30:52.415000Z
4718199601,12930.02000000,0.03499675,sell,2017-12-30T17:30:52.880000Z
4718199754,12930.02000000,0.01000000,sell,2017-12-30T17:30:56.583000Z
4718200021,12930.02000000,0.01000000,sell,2017-12-30T17:31:00.045000Z
4718200035,12930.02000000,0.03000000,sell,2017-12-30T17:31:00.370000Z
4718200237,12930.02000000,0.00007714,sell,2017-12-30T17:31:02.397000Z
4718200374,12930.02000000,0.65382942,sell,2017-12-30T17:31:05.579000Z
4718200376,12930.02000000,1.00000000,sell,2017-12-30T17:31:05.579000Z
4718200378,12930.02000000,0.01000000,sell,2017-12-30T17:31:05.579000Z
4718200380,12930.02000000,0.00010000,sell,2017-12-30T17:31:05.579000Z
4718200382,12930.02000000,0.00010000,sell,2017-12-30T17:31:05.579000Z
4718200384,12930.02000000,0.00010000,sell,2017-12-30T17:31:05.579000Z
4718200386,12930.02000000,0.00963020,sell,2017-12-30T17:31:05.579000Z
4718200388,12930.02000000,0.00010000,sell,2017-12-30T17:31:05.579000Z
4718200390,12930.02000000,0.00010000,sell,2017-12-30T17:31:05.579000Z
4718200392,12933.25000000,0.02014400,sell,2017-12-30T17:31:05.579000Z
4718200394,12933.25000000,0.02014400,sell,2017-12-30T17:31:05.579000Z
4718200396,12933.25000000,0.02014400,sell,2017-12-30T17:31:05.579000Z
4718200398,12933.25000000,0.02014400,sell,2017-12-30T17:31:05.579000Z
4718200400,12933.25000000,0.01344400,sell,2017-12-30T17:31:05.579000Z
4718200402,12933.25000000,0.02014400,sell,2017-12-30T17:31:05.579000Z
4718200404,12933.25000000,0.02014400,sell,2017-12-30T17:31:05.579000Z
4718200406,12933.25000000,0.01344400,sell,2017-12-30T17:31:05.579000Z
4718200408,12933.25000000,0.16076900,sell,2017-12-30T17:31:05.579000Z
4718200410,12933.25000000,0.00443300,sell,2017-12-30T17:31:05.579000Z
4718200412,12933.25000000,0.00443300,sell,2017-12-30T17:31:05.579000Z
4718200414,12933.25000000,0.00443300,sell,2017-12-30T17:31:05.579000Z
4718200416,12933.25000000,0.01034600,sell,2017-12-30T17:31:05.579000Z
4718200418,12933.25000000,0.01034600,sell,2017-12-30T17:31:05.579000Z
4718200420,12933.25000000,0.01034600,sell,2017-12-30T17:31:05.579000Z
4718200422,12933.25000000,0.00885600,sell,2017-12-30T17:31:05.579000Z
4718200424,12933.25000000,0.00885600,sell,2017-12-30T17:31:05.579000Z
4718200426,12933.25000000,0.00885600,sell,2017-12-30T17:31:05.579000Z
4718200428,12933.25000000,0.01329900,sell,2017-12-30T17:31:05.579000Z
4718200430,12933.25000000,0.02659900,sell,2017-12-30T17:31:05.579000Z
4718200432,12933.25000000,0.00132900,sell,2017-12-30T17:31:05.579000Z
4718200434,12933.25000000,0.00132900,sell,2017-12-30T17:31:05.579000Z
4718200436,12933.25000000,0.00132900,sell,2017-12-30T17:31:05.579000Z
4718200438,12933.25000000,0.00132900,sell,2017-12-30T17:31:05.579000Z
4718200440,12933.25000000,0.00132900,sell,2017-12-30T17:31:05.579000Z
4718200442,12933.25000000,0.00132900,sell,2017-12-30T17:31:05.579000Z
4718200444,12933.25000000,0.00132900,sell,2017-12-30T17:31:05.579000Z
4718200446,12933.25000000,0.00132900,sell,2017-12-30T17:31:05.579000Z
4718200448,12933.25000000,0.01329900,sell,2017-12-30T17:31:05.579000Z
4718200450,12933.25000000,0.01329900,sell,2017-12-30T17:31:05.579000Z
4718200452,12933.25000000,0.00147800,sell,2017-12-30T17:31:05.579000Z
4718200454,12933.25000000,0.00147800,sell,2017-12-30T17:31:05.579000Z
4718200456,12933.25000000,0.00147800,sell,2017-12-30T17:31:05.579000Z
4718200458,12933.25000000,0.00147800,sell,2017-12-30T17:31:05.579000Z
4718200460,12933.25000000,0.00147800,sell,2017-12-30T17:31:05.579000Z
4718200462,12933.25000000,0.00147800,sell,2017-12-30T17:31:05.579000Z
4718200464,12933.25000000,0.00147800,sell,2017-12-30T17:31:05.579000Z
4718200466,12933.25000000,0.00147800,sell,2017-12-30T17:31:05.579000Z
4718200468,12933.25000000,0.00147800,sell,2017-12-30T17:31:05.579000Z
4718200470,12933.25000000,0.00147800,sell,2017-12-30T17:31:05.579000Z
4718200472,12933.25000000,0.00147800,sell,2017-12-30T17:31:05.579000Z
4718200474,12933.25000000,0.00242900,sell,2017-12-30T17:31:05.579000Z
4718200476,12933.25000000,0.01341900,sell,2017-12-30T17:31:05.579000Z
4718200478,12933.59000000,0.01343900,sell,2017-12-30T17:31:05.579000Z
4718200480,12934.30000000,0.06974138,sell,2017-12-30T17:31:05.579000Z
4718200709,12933.25000000,0.00385636,sell,2017-12-30T17:31:07.224000Z
4718201329,12933.24000000,0.21450804,buy,2017-12-30T17:31:13.502000Z
4718201331,12933.24000000,0.07374484,buy,2017-12-30T17:31:13.502000Z
4718201649,12933.25000000,0.01000000,sell,2017-12-30T17:31:17.274000Z
4718201651,12933.25000000,0.00010000,sell,2017-12-30T17:31:17.274000Z
4718201653,12933.25000000,0.00230000,sell,2017-12-30T17:31:17.274000Z
4718201655,12933.25000000,0.00512884,sell,2017-12-30T17:31:17.274000Z
4718201658,12933.25000000,0.04247116,sell,2017-12-30T17:31:17.287000Z
4718201877,12933.25000000,0.01542545,sell,2017-12-30T17:31:21.473000Z
4718201953,12933.25000000,0.30850907,sell,2017-12-30T17:31:22.383000Z
4718201993,12933.25000000,0.00000011,sell,2017-12-30T17:31:22.809000Z
4718202159,12933.25000000,0.00689363,sell,2017-12-30T17:31:25.182000Z
4718202247,12933.25000000,0.01414355,sell,2017-12-30T17:31:26.575000Z
4718202250,12933.25000000,0.05257144,sell,2017-12-30T17:31:26.579000Z
4718202375,12933.25000000,0.55485675,sell,2017-12-30T17:31:28.509000Z
4718202377,12933.25000000,1.00000000,sell,2017-12-30T17:31:28.509000Z
4718202379,12933.25000000,0.00010000,sell,2017-12-30T17:31:28.509000Z
4718202381,12933.25000000,0.00010000,sell,2017-12-30T17:31:28.509000Z
4718202383,12933.25000000,0.01000000,sell,2017-12-30T17:31:28.509000Z
4718202385,12933.25000000,0.00010000,sell,2017-12-30T17:31:28.509000Z
4718202387,12933.25000000,0.00010000,sell,2017-12-30T17:31:28.509000Z
4718202389,12933.25000000,0.38816863,sell,2017-12-30T17:31:28.509000Z
4718202391,12933.25000000,0.00010000,sell,2017-12-30T17:31:28.509000Z
4718202393,12934.00000000,0.02111929,sell,2017-12-30T17:31:28.509000Z
4718202395,12934.00000000,0.00765630,sell,2017-12-30T17:31:28.509000Z
4718202397,12936.48000000,0.00024000,sell,2017-12-30T17:31:28.509000Z
4718202399,12936.48000000,0.00024000,sell,2017-12-30T17:31:28.509000Z
4718202401,12936.48000000,0.00024000,sell,2017-12-30T17:31:28.509000Z
4718202403,12936.48000000,0.00024000,sell,2017-12-30T17:31:28.509000Z
4718202405,12936.48000000,0.00024000,sell,2017-12-30T17:31:28.509000Z
4718202407,12936.48000000,0.00024000,sell,2017-12-30T17:31:28.509000Z
4718202409,12936.48000000,0.00024000,sell,2017-12-30T17:31:28.509000Z
4718202411,12936.48000000,0.00024000,sell,2017-12-30T17:31:28.509000Z
4718202413,12936.48000000,0.00024000,sell,2017-12-30T17:31:28.509000Z
4718202415,12936.48000000,0.03991000,sell,2017-12-30T17:31:28.509000Z
4718202417,12936.48000000,0.03991000,sell,2017-12-30T17:31:28.509000Z
4718202419,12936.48000000,0.03991000,sell,2017-12-30T17:31:28.509000Z
4718202421,12936.48000000,0.00045200,sell,2017-12-30T17:31:28.509000Z
4718202423,12936.48000000,0.00045200,sell,2017-12-30T17:31:28.509000Z
4718202425,12936.48000000,0.00045200,sell,2017-12-30T17:31:28.509000Z
4718202427,12936.48000000,0.00045200,sell,2017-12-30T17:31:28.509000Z
4718202429,12936.48000000,0.00045200,sell,2017-12-30T17:31:28.509000Z
4718202431,12936.48000000,0.00045200,sell,2017-12-30T17:31:28.509000Z
4718202433,12936.48000000,0.00045200,sell,2017-12-30T17:31:28.509000Z
4718202435,12936.48000000,0.00045200,sell,2017-12-30T17:31:28.509000Z
4718202437,12936.48000000,0.00025500,sell,2017-12-30T17:31:28.509000Z
4718202439,12936.48000000,0.00025500,sell,2017-12-30T17:31:28.509000Z
4718202441,12936.48000000,0.00045000,sell,2017-12-30T17:31:28.509000Z
4718202443,12936.48000000,0.00045000,sell,2017-12-30T17:31:28.509000Z
4718202445,12936.48000000,0.00045000,sell,2017-12-30T17:31:28.509000Z
4718202447,12936.48000000,0.00045000,sell,2017-12-30T17:31:28.509000Z
4718202449,12936.48000000,0.00045000,sell,2017-12-30T17:31:28.510000Z
4718202451,12936.48000000,0.00045000,sell,2017-12-30T17:31:28.510000Z
4718202453,12936.48000000,0.00045000,sell,2017-12-30T17:31:28.510000Z
4718202455,12936.48000000,0.00020000,sell,2017-12-30T17:31:28.510000Z
4718202457,12936.48000000,0.00020000,sell,2017-12-30T17:31:28.510000Z
4718202459,12936.48000000,0.00010800,sell,2017-12-30T17:31:28.510000Z
4718202461,12936.48000000,0.00010800,sell,2017-12-30T17:31:28.510000Z
4718202463,12936.48000000,0.00010800,sell,2017-12-30T17:31:28.510000Z
4718202465,12936.48000000,0.00010800,sell,2017-12-30T17:31:28.510000Z
4718202467,12936.48000000,0.00010800,sell,2017-12-30T17:31:28.510000Z
4718202469,12936.48000000,0.00032000,sell,2017-12-30T17:31:28.510000Z
4718202471,12936.48000000,0.00064000,sell,2017-12-30T17:31:28.510000Z
4718202473,12936.48000000,0.00850000,sell,2017-12-30T17:31:28.510000Z
4718202475,12936.48000000,0.00212500,sell,2017-12-30T17:31:28.510000Z
4718202477,12936.48000000,0.00048000,sell,2017-12-30T17:31:28.510000Z
4718202479,12936.48000000,0.00048000,sell,2017-12-30T17:31:28.510000Z
4718202481,12936.48000000,0.00023900,sell,2017-12-30T17:31:28.510000Z
4718202483,12936.48000000,0.00023900,sell,2017-12-30T17:31:28.510000Z
4718202485,12937.10000000,0.00045000,sell,2017-12-30T17:31:28.510000Z
4718202487,12937.40000000,0.00045200,sell,2017-12-30T17:31:28.510000Z
4718202489,12938.81000000,0.00256000,sell,2017-12-30T17:31:28.510000Z
4718202491,12938.88000000,0.00045200,sell,2017-12-30T17:31:28.510000Z
4718202493,12939.43000000,0.00024000,sell,2017-12-30T17:31:28.510000Z
4718202495,12940.67000000,0.00045200,sell,2017-12-30T17:31:28.510000Z
4718202497,12941.77000000,0.00045200,sell,2017-12-30T17:31:28.510000Z
4718202499,12942.28000000,0.00045000,sell,2017-12-30T17:31:28.510000Z
4718202501,12942.93000000,0.00045200,sell,2017-12-30T17:31:28.510000Z
4718202503,12943.54000000,0.50000000,sell,2017-12-30T17:31:28.510000Z
4718202505,12943.77000000,0.00010011,sell,2017-12-30T17:31:28.510000Z
4718202507,12943.78000000,1.38127157,sell,2017-12-30T17:31:28.510000Z
4718202509,12943.78000000,0.00010000,sell,2017-12-30T17:31:28.510000Z
4718202511,12943.78000000,0.00010000,sell,2017-12-30T17:31:28.510000Z
4718202513,12943.78000000,0.00010000,sell,2017-12-30T17:31:28.510000Z
4718202515,12943.78000000,0.04224119,sell,2017-12-30T17:31:28.510000Z
4718202517,12943.78000000,0.00010000,sell,2017-12-30T17:31:28.510000Z
4718202519,12943.78000000,0.01000000,sell,2017-12-30T17:31:28.510000Z
4718202521,12944.46000000,0.00045000,sell,2017-12-30T17:31:28.510000Z
4718202523,12944.81000000,0.00024000,sell,2017-12-30T17:31:28.510000Z
4718202525,12946.04000000,0.03991000,sell,2017-12-30T17:31:28.510000Z
4718202527,12946.04000000,0.50000000,sell,2017-12-30T17:31:28.510000Z
4718202529,12946.05000000,1.00000000,sell,2017-12-30T17:31:28.510000Z
4718202531,12946.14000000,0.20480000,sell,2017-12-30T17:31:28.510000Z
4718202533,12946.14000000,0.00010012,sell,2017-12-30T17:31:28.510000Z
4718202535,12946.14000000,0.00020025,sell,2017-12-30T17:31:28.510000Z
4718202537,12946.14000000,0.00040050,sell,2017-12-30T17:31:28.510000Z
4718202539,12946.14000000,0.00080100,sell,2017-12-30T17:31:28.510000Z
4718202541,12946.14000000,0.00160200,sell,2017-12-30T17:31:28.510000Z
4718202543,12946.14000000,0.00320399,sell,2017-12-30T17:31:28.510000Z
4718202545,12946.14000000,0.00028930,sell,2017-12-30T17:31:28.510000Z
4718203106,12936.47000000,0.00080065,sell,2017-12-30T17:31:30.906000Z
4718203108,12936.47000000,0.00160130,sell,2017-12-30T17:31:30.906000Z
4718203110,12936.47000000,0.00010000,sell,2017-12-30T17:31:30.906000Z
4718203112,12936.47000000,0.00320261,sell,2017-12-30T17:31:30.906000Z
4718203114,12936.47000000,0.00640521,sell,2017-12-30T17:31:30.906000Z
4718203116,12936.47000000,0.01281042,sell,2017-12-30T17:31:30.906000Z
4718203118,12936.47000000,0.01363384,sell,2017-12-30T17:31:30.906000Z
4718203319,12936.46000000,0.45703262,buy,2017-12-30T17:31:34.020000Z
4718203321,12936.46000000,0.07311671,buy,2017-12-30T17:31:34.020000Z
4718203495,12936.47000000,0.01198700,sell,2017-12-30T17:31:35.430000Z
4718203497,12936.47000000,0.05124169,sell,2017-12-30T17:31:35.430000Z
4718203499,12936.47000000,0.00010002,sell,2017-12-30T17:31:35.430000Z
4718203501,12936.47000000,0.00020005,sell,2017-12-30T17:31:35.430000Z
4718203503,12936.47000000,0.00478667,sell,2017-12-30T17:31:35.430000Z
4718203565,12936.47000000,0.09575392,sell,2017-12-30T17:31:36.229000Z
4718203623,12936.47000000,0.09477391,sell,2017-12-30T17:31:36.875000Z
4718203887,12936.47000000,0.77108070,sell,2017-12-30T17:31:40.225000Z
4718203909,12936.47000000,0.03360480,sell,2017-12-30T17:31:40.694000Z
4718203911,12936.47000000,0.01000000,sell,2017-12-30T17:31:40.694000Z
4718203913,12936.47000000,0.00484000,sell,2017-12-30T17:31:40.694000Z
4718203915,12936.47000000,0.04224119,sell,2017-12-30T17:31:40.694000Z
4718203917,12936.47000000,0.00010000,sell,2017-12-30T17:31:40.694000Z
4718203919,12936.47000000,1.00000000,sell,2017-12-30T17:31:40.694000Z
4718203921,12936.47000000,0.00010000,sell,2017-12-30T17:31:40.694000Z
4718203923,12936.47000000,0.00010000,sell,2017-12-30T17:31:40.694000Z
4718203925,12936.47000000,0.14800000,sell,2017-12-30T17:31:40.694000Z
4718203927,12946.03000000,0.00100000,sell,2017-12-30T17:31:40.694000Z
4718203929,12946.13000000,0.00110000,sell,2017-12-30T17:31:40.694000Z
4718203931,12946.14000000,0.00611868,sell,2017-12-30T17:31:40.694000Z
4718203933,12946.14000000,0.00010012,sell,2017-12-30T17:31:40.694000Z
4718203935,12946.14000000,0.00020025,sell,2017-12-30T17:31:40.694000Z
4718203937,12946.14000000,0.00040050,sell,2017-12-30T17:31:40.694000Z
4718203939,12946.14000000,0.00010012,sell,2017-12-30T17:31:40.694000Z
4718203941,12946.14000000,0.00020025,sell,2017-12-30T17:31:40.694000Z
4718203943,12946.14000000,0.00325081,sell,2017-12-30T17:31:40.694000Z
4718203945,12946.15000000,0.03169996,sell,2017-12-30T17:31:40.694000Z
4718203947,12946.15000000,0.05204639,sell,2017-12-30T17:31:40.694000Z
4718203959,12936.46000000,0.00300000,buy,2017-12-30T17:31:40.760000Z
4718204431,12946.15000000,0.05035369,sell,2017-12-30T17:31:45.926000Z
4718204433,12946.15000000,0.10000000,sell,2017-12-30T17:31:45.926000Z
4718204435,12946.15000000,0.22233377,sell,2017-12-30T17:31:45.926000Z
4718204516,12946.14000000,0.03923530,buy,2017-12-30T17:31:47.446000Z
4718204527,12946.15000000,0.77766623,sell,2017-12-30T17:31:47.639000Z
4718204529,12946.15000000,1.00000000,sell,2017-12-30T17:31:47.639000Z
4718204531,12946.15000000,0.28000000,sell,2017-12-30T17:31:47.640000Z
4718204533,12946.15000000,0.01000000,sell,2017-12-30T17:31:47.640000Z
4718204535,12946.18000000,0.00023202,sell,2017-12-30T17:31:47.640000Z
4718204537,12946.18000000,0.03866970,sell,2017-12-30T17:31:47.640000Z
4718204539,12946.91000000,0.00570000,sell,2017-12-30T17:31:47.640000Z
4718204541,12947.00000000,0.50000000,sell,2017-12-30T17:31:47.640000Z
4718204543,12948.61000000,0.06649589,sell,2017-12-30T17:31:47.640000Z
4718204545,12949.99000000,0.01000000,sell,2017-12-30T17:31:47.640000Z
4718204547,12949.99000000,0.02000000,sell,2017-12-30T17:31:47.640000Z
4718204549,12950.00000000,0.01200000,sell,2017-12-30T17:31:47.640000Z
4718204551,12950.00000000,0.01500000,sell,2017-12-30T17:31:47.640000Z
4718204553,12950.00000000,0.22481987,sell,2017-12-30T17:31:47.640000Z
4718204555,12950.00000000,0.31059827,sell,2017-12-30T17:31:47.640000Z
4718204557,12950.00000000,0.00500000,sell,2017-12-30T17:31:47.640000Z
4718204559,12950.00000000,0.00199581,sell,2017-12-30T17:31:47.640000Z
4718204561,12950.00000000,0.03600000,sell,2017-12-30T17:31:47.640000Z
4718204563,12950.47000000,0.00038657,sell,2017-12-30T17:31:47.640000Z
4718204565,12950.90000000,0.51091328,sell,2017-12-30T17:31:47.640000Z
4718204567,12950.97000000,0.01000000,sell,2017-12-30T17:31:47.640000Z
4718204569,12951.19000000,0.00570000,sell,2017-12-30T17:31:47.640000Z
4718204571,12951.59000000,0.06770000,sell,2017-12-30T17:31:47.640000Z
4718204573,12951.63000000,0.00710000,sell,2017-12-30T17:31:47.640000Z
4718204575,12951.90000000,0.10640000,sell,2017-12-30T17:31:47.640000Z
4718204577,12951.99000000,0.00200000,sell,2017-12-30T17:31:47.640000Z
4718204579,12951.99000000,0.01500000,sell,2017-12-30T17:31:47.640000Z
4718204581,12952.96000000,0.01500000,sell,2017-12-30T17:31:47.640000Z
4718204583,12952.96000000,0.00252236,sell,2017-12-30T17:31:47.640000Z
4718204653,12952.95000000,0.00110000,sell,2017-12-30T17:31:48.238000Z
4718204655,12952.95000000,0.00079940,sell,2017-12-30T17:31:48.238000Z
4718204657,12952.95000000,0.00159880,sell,2017-12-30T17:31:48.238000Z
4718204659,12952.96000000,0.04747764,sell,2017-12-30T17:31:48.238000Z
4718204661,12954.10000000,0.07223365,sell,2017-12-30T17:31:48.238000Z
4718204729,12954.10000000,0.03416635,sell,2017-12-30T17:31:48.732000Z
4718204767,12954.27000000,0.06770000,sell,2017-12-30T17:31:48.987000Z
4718204769,12954.27000000,0.00023866,sell,2017-12-30T17:31:48.987000Z
4718205166,12954.26000000,0.10000000,buy,2017-12-30T17:31:54.109000Z
4718205198,12954.26000000,0.00792693,buy,2017-12-30T17:31:54.399000Z
4718205396,12954.26000000,0.00100000,buy,2017-12-30T17:31:57.260000Z
4718205400,12954.27000000,0.00686134,sell,2017-12-30T17:31:57.340000Z
4718205402,12954.27000000,0.00377000,sell,2017-12-30T17:31:57.340000Z
4718205404,12954.27000000,0.03556993,sell,2017-12-30T17:31:57.340000Z
4718205564,12954.26000000,0.02178903,buy,2017-12-30T17:31:59.303000Z
4718205566,12954.26000000,0.00039975,buy,2017-12-30T17:31:59.303000Z
4718205568,12954.26000000,0.00010000,buy,2017-12-30T17:31:59.303000Z
4718205570,12954.26000000,0.00020000,buy,2017-12-30T17:31:59.303000Z
4718205572,12954.26000000,0.08751122,buy,2017-12-30T17:31:59.303000Z
4718205594,12954.26000000,0.02656878,buy,2017-12-30T17:31:59.408000Z
4718205596,12954.26000000,0.00010000,buy,2017-12-30T17:31:59.408000Z
4718205598,12954.26000000,0.00010000,buy,2017-12-30T17:31:59.408000Z
4718205600,12954.26000000,0.01323122,buy,2017-12-30T17:31:59.408000Z
4718205613,12954.26000000,0.02386878,buy,2017-12-30T17:31:59.480000Z
4718205615,12954.26000000,0.01613122,buy,2017-12-30T17:31:59.480000Z
4718205942,12954.26000000,0.01238041,buy,2017-12-30T17:32:02.141000Z
4718206127,12954.27000000,0.96443007,sell,2017-12-30T17:32:05.284000Z
4718206129,12954.27000000,1.00000000,sell,2017-12-30T17:32:05.284000Z
4718206131,12954.27000000,0.01000000,sell,2017-12-30T17:32:05.284000Z
4718206133,12954.27000000,0.10000000,sell,2017-12-30T17:32:05.284000Z
4718206135,12954.27000000,0.00010000,sell,2017-12-30T17:32:05.284000Z
4718206137,12954.27000000,1.30096993,sell,2017-12-30T17:32:05.284000Z
4718206241,12954.27000000,0.09963722,sell,2017-12-30T17:32:06.484000Z
4718206370,12954.27000000,0.07700211,sell,2017-12-30T17:32:08.130000Z
4718206744,12954.26000000,0.02390337,buy,2017-12-30T17:32:13.255000Z
4718206746,12954.26000000,0.17609663,buy,2017-12-30T17:32:13.255000Z
4718206842,12954.26000000,0.03800000,buy,2017-12-30T17:32:14.608000Z
4718206950,12954.27000000,0.10302575,sell,2017-12-30T17:32:15.965000Z
4718206968,12954.26000000,0.13770606,buy,2017-12-30T17:32:16.115000Z
4718206982,12954.26000000,0.10565982,buy,2017-12-30T17:32:16.237000Z
4718206984,12954.26000000,0.09434018,buy,2017-12-30T17:32:16.237000Z
4718207283,12954.26000000,0.02166982,buy,2017-12-30T17:32:20.633000Z
4718207285,12954.26000000,0.12175000,buy,2017-12-30T17:32:20.633000Z
4718207287,12954.26000000,0.00961222,buy,2017-12-30T17:32:20.633000Z
4718207289,12954.25000000,0.04696796,buy,2017-12-30T17:32:20.633000Z
4718207354,12954.26000000,0.25000000,sell,2017-12-30T17:32:21.176000Z
4718207356,12954.26000000,0.50000000,sell,2017-12-30T17:32:21.176000Z
4718207358,12954.26000000,0.07780000,sell,2017-12-30T17:32:21.176000Z
4718207366,12954.26000000,0.00670380,sell,2017-12-30T17:32:21.327000Z
4718207372,12954.26000000,0.09283386,sell,2017-12-30T17:32:21.396000Z
4718207380,12954.26000000,0.82266234,sell,2017-12-30T17:32:21.605000Z
4718207382,12954.26000000,0.67733766,sell,2017-12-30T17:32:21.605000Z
4718207454,12954.26000000,0.17274885,sell,2017-12-30T17:32:22.725000Z
4718207468,12954.26000000,0.43991349,sell,2017-12-30T17:32:23.064000Z
4718207470,12954.26000000,0.30104651,sell,2017-12-30T17:32:23.064000Z
4718207489,12954.25000000,0.25303334,buy,2017-12-30T17:32:23.283000Z
4718207505,12954.26000000,0.38773647,sell,2017-12-30T17:32:23.494000Z
4718207512,12954.25000000,0.20000000,buy,2017-12-30T17:32:23.644000Z
4718207515,12954.26000000,0.13544606,sell,2017-12-30T17:32:23.691000Z
4718207656,12954.25000000,0.20000000,buy,2017-12-30T17:32:26.552000Z
4718207837,12954.25000000,0.20000000,buy,2017-12-30T17:32:30.828000Z
4718207887,12954.26000000,0.00770021,sell,2017-12-30T17:32:32.138000Z
4718207906,12954.26000000,0.07854222,sell,2017-12-30T17:32:32.952000Z
4718207909,12954.26000000,0.01540043,sell,2017-12-30T17:32:32.952000Z
4718207940,12954.26000000,0.01848052,sell,2017-12-30T17:32:33.688000Z
4718207966,12954.26000000,0.23435227,sell,2017-12-30T17:32:34.291000Z
4718207983,12954.26000000,0.03363455,sell,2017-12-30T17:32:34.651000Z
4718208003,12954.25000000,0.20000000,buy,2017-12-30T17:32:35.141000Z
4718208170,12954.25000000,0.20000000,buy,2017-12-30T17:32:38.089000Z
4718208304,12954.25000000,0.20000000,buy,2017-12-30T17:32:40.995000Z
4718208344,12954.25000000,0.11821586,buy,2017-12-30T17:32:41.716000Z
4718208467,12954.25000000,0.20000000,buy,2017-12-30T17:32:43.791000Z
4718208662,12954.26000000,1.58870727,sell,2017-12-30T17:32:46.742000Z
4718208664,12954.26000000,2.87479273,sell,2017-12-30T17:32:46.742000Z
4718208738,12954.25000000,0.20000000,buy,2017-12-30T17:32:48.049000Z
4718208799,12954.25000000,0.01000000,buy,2017-12-30T17:32:48.978000Z
4718209062,12954.25000000,0.20000000,buy,2017-12-30T17:32:52.381000Z
4718209075,12954.25000000,0.00077600,buy,2017-12-30T17:32:52.850000Z
4718209088,12954.25000000,0.00027043,buy,2017-12-30T17:32:53.469000Z
4718209214,12954.25000000,0.20000000,buy,2017-12-30T17:32:58.237000Z
4718209298,12954.25000000,0.20000000,buy,2017-12-30T17:33:01.118000Z
4718209392,12954.26000000,0.00077002,sell,2017-12-30T17:33:03.582000Z
4718209422,12954.25000000,0.20000000,buy,2017-12-30T17:33:03.926000Z
4718209522,12954.26000000,0.02522998,sell,2017-12-30T17:33:06.982000Z
4718209524,12954.26000000,0.01000000,sell,2017-12-30T17:33:06.982000Z
4718209526,12954.26000000,0.01000000,sell,2017-12-30T17:33:06.982000Z
4718209528,12954.26000000,0.00010000,sell,2017-12-30T17:33:06.982000Z
4718209530,12954.26000000,0.03167219,sell,2017-12-30T17:33:06.982000Z
4718209581,12954.25000000,0.17073641,buy,2017-12-30T17:33:08.285000Z
4718209583,12954.25000000,0.02926359,buy,2017-12-30T17:33:08.285000Z
4718209667,12954.26000000,0.96832781,sell,2017-12-30T17:33:10.097000Z
4718209669,12954.26000000,1.00000000,sell,2017-12-30T17:33:10.097000Z
4718209671,12954.26000000,0.01000000,sell,2017-12-30T17:33:10.097000Z
4718209673,12954.26000000,0.00961222,sell,2017-12-30T17:33:10.097000Z
4718209675,12954.26000000,0.00010000,sell,2017-12-30T17:33:10.097000Z
4718209677,12954.26000000,0.00060000,sell,2017-12-30T17:33:10.097000Z
4718209679,12954.26000000,0.00010000,sell,2017-12-30T17:33:10.097000Z
4718209681,12954.26000000,0.00010000,sell,2017-12-30T17:33:10.097000Z
4718209683,12954.26000000,0.00010000,sell,2017-12-30T17:33:10.097000Z
4718209685,12954.26000000,0.76278642,sell,2017-12-30T17:33:10.097000Z
4718209687,12954.26000000,0.00010000,sell,2017-12-30T17:33:10.097000Z
4718209689,12954.26000000,0.00062379,sell,2017-12-30T17:33:10.097000Z
4718209691,12954.26000000,0.00010000,sell,2017-12-30T17:33:10.097000Z
4718209693,12954.26000000,0.00100000,sell,2017-12-30T17:33:10.097000Z
4718209695,12954.26000000,0.00010000,sell,2017-12-30T17:33:10.097000Z
4718209697,12954.26000000,0.41224976,sell,2017-12-30T17:33:10.097000Z
4718209819,12954.25000000,0.20000000,buy,2017-12-30T17:33:11.198000Z
4718209823,12954.26000000,0.00010000,sell,2017-12-30T17:33:11.255000Z
4718209825,12954.26000000,0.00010000,sell,2017-12-30T17:33:11.255000Z
4718209827,12954.26000000,0.00010000,sell,2017-12-30T17:33:11.255000Z
4718209829,12954.26000000,0.00010000,sell,2017-12-30T17:33:11.255000Z
4718209831,12954.26000000,0.00999000,sell,2017-12-30T17:33:11.255000Z
4718209833,12954.26000000,0.00010000,sell,2017-12-30T17:33:11.255000Z
4718209835,12954.26000000,0.06000000,sell,2017-12-30T17:33:11.255000Z
4718209837,12954.26000000,0.00010000,sell,2017-12-30T17:33:11.255000Z
4718209839,12954.26000000,0.00010000,sell,2017-12-30T17:33:11.255000Z
4718209841,12954.26000000,0.15000000,sell,2017-12-30T17:33:11.255000Z
4718209843,12954.26000000,0.00040000,sell,2017-12-30T17:33:11.255000Z
4718209845,12954.26000000,0.01000000,sell,2017-12-30T17:33:11.255000Z
4718209847,12954.26000000,0.01000000,sell,2017-12-30T17:33:11.255000Z
4718209849,12954.26000000,0.00010000,sell,2017-12-30T17:33:11.255000Z
4718209851,12954.27000000,0.05000000,sell,2017-12-30T17:33:11.255000Z
4718209853,12954.27000000,0.00010000,sell,2017-12-30T17:33:11.255000Z
4718209855,12954.27000000,0.00010000,sell,2017-12-30T17:33:11.255000Z
4718209857,12954.27000000,0.00010000,sell,2017-12-30T17:33:11.255000Z
4718209859,12954.27000000,0.02152190,sell,2017-12-30T17:33:11.255000Z
4718209861,12954.29000000,0.68801476,sell,2017-12-30T17:33:11.255000Z
4718210013,12954.26000000,0.00010000,sell,2017-12-30T17:33:12.280000Z
4718210015,12954.26000000,0.01000000,sell,2017-12-30T17:33:12.280000Z
4718210017,12954.81000000,0.00570000,sell,2017-12-30T17:33:12.280000Z
4718210019,12955.00000000,0.00800000,sell,2017-12-30T17:33:12.280000Z
4718210021,12955.00000000,0.01620000,sell,2017-12-30T17:33:12.280000Z
4718210030,12955.00000000,0.03380000,sell,2017-12-30T17:33:12.326000Z
4718210032,12955.01000000,0.00620000,sell,2017-12-30T17:33:12.326000Z
4718210140,12954.25000000,0.00200000,buy,2017-12-30T17:33:12.993000Z
4718210192,12954.25000000,0.20000000,buy,2017-12-30T17:33:14.142000Z
4718210199,12954.26000000,0.04812636,sell,2017-12-30T17:33:14.213000Z
4718210363,12954.26000000,0.95187364,sell,2017-12-30T17:33:16.652000Z
4718210365,12954.26000000,0.27406802,sell,2017-12-30T17:33:16.652000Z
4718210392,12954.25000000,0.31475629,buy,2017-12-30T17:33:16.973000Z
4718210397,12954.25000000,0.20000000,buy,2017-12-30T17:33:17.051000Z
4718210498,12954.26000000,0.07700217,sell,2017-12-30T17:33:18.355000Z
4718210697,12954.26000000,0.01075489,sell,2017-12-30T17:33:20.394000Z
4718210797,12954.25000000,0.20000000,buy,2017-12-30T17:33:21.514000Z
4718210862,12954.26000000,0.02682909,sell,2017-12-30T17:33:23.043000Z
4718210953,12954.25000000,0.20000000,buy,2017-12-30T17:33:24.423000Z
4718211008,12954.25000000,0.14000000,buy,2017-12-30T17:33:24.789000Z
4718211015,12954.26000000,0.61134583,sell,2017-12-30T17:33:24.873000Z
4718211017,12954.26000000,0.01000000,sell,2017-12-30T17:33:24.873000Z
4718211019,12954.26000000,0.00010000,sell,2017-12-30T17:33:24.873000Z
4718211021,12954.26000000,0.00010000,sell,2017-12-30T17:33:24.873000Z
4718211023,12954.26000000,0.37948248,sell,2017-12-30T17:33:24.873000Z
4718211036,12954.26000000,0.06444081,sell,2017-12-30T17:33:24.984000Z
4718211133,12954.25000000,0.05100000,buy,2017-12-30T17:33:25.901000Z
4718211188,12954.26000000,0.00007700,sell,2017-12-30T17:33:26.643000Z
4718211347,12954.26000000,0.46135161,sell,2017-12-30T17:33:28.794000Z
4718211351,12954.25000000,0.20000000,buy,2017-12-30T17:33:28.846000Z
4718211578,12954.26000000,0.09464810,sell,2017-12-30T17:33:32.639000Z
4718211580,12954.26000000,0.00010000,sell,2017-12-30T17:33:32.639000Z
4718211582,12954.26000000,0.00010000,sell,2017-12-30T17:33:32.639000Z
4718211584,12954.26000000,0.01000000,sell,2017-12-30T17:33:32.639000Z
4718211586,12954.26000000,0.34000000,sell,2017-12-30T17:33:32.639000Z
4718211588,12954.26000000,0.00010000,sell,2017-12-30T17:33:32.639000Z
4718211590,12954.26000000,1.00000000,sell,2017-12-30T17:33:32.639000Z
4718211592,12954.26000000,0.00010000,sell,2017-12-30T17:33:32.639000Z
4718211594,12955.00000000,0.30490962,sell,2017-12-30T17:33:32.639000Z
4718211596,12955.01000000,0.00880000,sell,2017-12-30T17:33:32.639000Z
4718211598,12956.80000000,0.06770000,sell,2017-12-30T17:33:32.639000Z
4718211600,12956.82000000,0.10640000,sell,2017-12-30T17:33:32.639000Z
4718211602,12956.90000000,0.00710000,sell,2017-12-30T17:33:32.639000Z
4718211604,12958.25000000,0.01500000,sell,2017-12-30T17:33:32.639000Z
4718211606,12959.38000000,0.00710000,sell,2017-12-30T17:33:32.639000Z
4718211608,12959.99000000,0.03000000,sell,2017-12-30T17:33:32.639000Z
4718211610,12959.99000000,0.50000000,sell,2017-12-30T17:33:32.639000Z
4718211612,12960.00000000,1.24614228,sell,2017-12-30T17:33:32.639000Z
4718211615,12960.00000000,0.00154202,sell,2017-12-30T17:33:32.640000Z
4718211712,12960.00000000,0.01745328,sell,2017-12-30T17:33:33.059000Z
4718211725,12959.99000000,0.01867362,buy,2017-12-30T17:33:33.238000Z
4718211727,12959.99000000,0.18132638,buy,2017-12-30T17:33:33.238000Z
4718211766,12960.00000000,0.13695852,sell,2017-12-30T17:33:33.752000Z
4718212141,12959.99000000,0.20000000,buy,2017-12-30T17:33:39.040000Z
4718212167,12960.00000000,0.15316646,sell,2017-12-30T17:33:39.502000Z
4718212265,12959.99000000,0.20000000,buy,2017-12-30T17:33:41.891000Z
4718212523,12960.00000000,0.00577260,sell,2017-12-30T17:33:45.925000Z
4718212547,12959.99000000,0.20000000,buy,2017-12-30T17:33:46.260000Z
4718212610,12960.00000000,0.10000000,sell,2017-12-30T17:33:47.225000Z
4718212700,12959.99000000,0.11561000,buy,2017-12-30T17:33:49.052000Z
4718212702,12959.99000000,0.11579000,buy,2017-12-30T17:33:49.052000Z
4718212704,12959.99000000,0.00040000,buy,2017-12-30T17:33:49.052000Z
4718212706,12959.99000000,0.10784220,buy,2017-12-30T17:33:49.052000Z
4718212708,12959.99000000,0.16926407,buy,2017-12-30T17:33:49.052000Z
4718212710,12959.99000000,0.11579000,buy,2017-12-30T17:33:49.052000Z
4718212712,12955.00000000,0.10000000,buy,2017-12-30T17:33:49.052000Z
4718212714,12955.00000000,0.00960797,buy,2017-12-30T17:33:49.052000Z
4718212716,12954.25000000,0.19284876,buy,2017-12-30T17:33:49.052000Z
4718212718,12954.25000000,0.07284700,buy,2017-12-30T17:33:49.052000Z
4718212727,12954.26000000,0.20000000,buy,2017-12-30T17:33:49.154000Z
4718212755,12959.96000000,0.01539366,sell,2017-12-30T17:33:49.294000Z
4718212989,12954.36000000,1.00000000,sell,2017-12-30T17:33:50.793000Z
4718212991,12954.36000000,1.28900000,sell,2017-12-30T17:33:50.793000Z
4718212993,12960.00000000,0.33896484,sell,2017-12-30T17:33:50.793000Z
4718212995,12960.00000000,0.05000000,sell,2017-12-30T17:33:50.793000Z
4718212997,12960.00000000,0.01200000,sell,2017-12-30T17:33:50.793000Z
4718212999,12960.00000000,0.30940164,sell,2017-12-30T17:33:50.793000Z
4718213001,12960.00000000,0.01000000,sell,2017-12-30T17:33:50.793000Z
4718213003,12960.00000000,0.03000000,sell,2017-12-30T17:33:50.793000Z
4718213005,12960.00000000,0.14800000,sell,2017-12-30T17:33:50.793000Z
4718213007,12960.00000000,1.00000000,sell,2017-12-30T17:33:50.793000Z
4718213009,12960.00000000,0.00010000,sell,2017-12-30T17:33:50.793000Z
4718213011,12960.00000000,0.00010000,sell,2017-12-30T17:33:50.793000Z
4718213013,12960.00000000,0.00010000,sell,2017-12-30T17:33:50.793000Z
4718213015,12960.00000000,0.00010000,sell,2017-12-30T17:33:50.793000Z
4718213017,12960.00000000,3.80000000,sell,2017-12-30T17:33:50.793000Z
4718213019,12960.00000000,0.00010000,sell,2017-12-30T17:33:50.793000Z
4718213021,12960.09000000,0.06770000,sell,2017-12-30T17:33:50.793000Z
4718213023,12960.30000000,0.10640000,sell,2017-12-30T17:33:50.793000Z
4718213025,12960.71000000,0.00570000,sell,2017-12-30T17:33:50.793000Z
4718213027,12960.79000000,0.01000000,sell,2017-12-30T17:33:50.793000Z
4718213029,12960.79000000,0.03200000,sell,2017-12-30T17:33:50.793000Z
4718213031,12960.80000000,0.01500000,sell,2017-12-30T17:33:50.793000Z
4718213033,12963.12000000,0.00710000,sell,2017-12-30T17:33:50.793000Z
4718213035,12963.42000000,0.05211499,sell,2017-12-30T17:33:50.793000Z
4718213037,12963.42000000,0.02131546,sell,2017-12-30T17:33:50.793000Z
4718213039,12963.92000000,0.10640000,sell,2017-12-30T17:33:50.793000Z
4718213041,12964.01000000,0.06770000,sell,2017-12-30T17:33:50.793000Z
4718213043,12965.00000000,1.14999776,sell,2017-12-30T17:33:50.793000Z
4718213045,12965.00000000,0.12817057,sell,2017-12-30T17:33:50.793000Z
4718213047,12966.51000000,0.24780000,sell,2017-12-30T17:33:50.793000Z
4718213049,12967.57000000,0.10640000,sell,2017-12-30T17:33:50.793000Z
4718213051,12967.63000000,0.00710000,sell,2017-12-30T17:33:50.793000Z
4718213053,12967.98000000,0.00570000,sell,2017-12-30T17:33:50.793000Z
4718213055,12968.78000000,0.06770000,sell,2017-12-30T17:33:50.793000Z
4718213057,12969.88000000,0.01500000,sell,2017-12-30T17:33:50.793000Z
4718213059,12969.91000000,0.01500000,sell,2017-12-30T17:33:50.793000Z
4718213061,12969.98000000,0.36990919,sell,2017-12-30T17:33:50.793000Z
4718213063,12970.00000000,0.01500000,sell,2017-12-30T17:33:50.793000Z
4718213065,12970.00000000,0.01200000,sell,2017-12-30T17:33:50.793000Z
4718213067,12970.00000000,0.00217211,sell,2017-12-30T17:33:50.793000Z
4718213069,12970.00000000,0.11680000,sell,2017-12-30T17:33:50.793000Z
4718213071,12970.00000000,0.05000000,sell,2017-12-30T17:33:50.793000Z
4718213073,12970.01000000,0.01500000,sell,2017-12-30T17:33:50.793000Z
4718213075,12970.02000000,0.01500000,sell,2017-12-30T17:33:50.793000Z
4718213077,12970.26000000,0.31291310,sell,2017-12-30T17:33:50.793000Z
4718213373,12954.53000000,0.20000000,buy,2017-12-30T17:33:52.068000Z
4718213431,12956.99000000,0.00010000,sell,2017-12-30T17:33:52.424000Z
4718213433,12959.99000000,0.00900000,sell,2017-12-30T17:33:52.424000Z
4718213435,12959.99000000,0.04500000,sell,2017-12-30T17:33:52.424000Z
4718213437,12963.11000000,0.00060000,sell,2017-12-30T17:33:52.424000Z
4718213439,12963.41000000,0.00110000,sell,2017-12-30T17:33:52.424000Z
4718213441,12970.26000000,0.63464729,sell,2017-12-30T17:33:52.424000Z
4718213549,12954.59000000,1.00000000,sell,2017-12-30T17:33:53.381000Z
4718213551,12954.59000000,0.00960797,sell,2017-12-30T17:33:53.381000Z
4718213553,12954.62000000,1.00000000,sell,2017-12-30T17:33:53.381000Z
4718213555,12970.26000000,0.05243961,sell,2017-12-30T17:33:53.381000Z
4718213557,12970.44000000,0.00011579,sell,2017-12-30T17:33:53.381000Z
4718213559,12970.44000000,0.03859737,sell,2017-12-30T17:33:53.381000Z
4718213561,12970.45000000,0.00038597,sell,2017-12-30T17:33:53.381000Z
4718213563,12971.16000000,0.01500000,sell,2017-12-30T17:33:53.381000Z
4718213565,12971.61000000,0.01500000,sell,2017-12-30T17:33:53.381000Z
4718213567,12972.01000000,0.01500000,sell,2017-12-30T17:33:53.381000Z
4718213569,12972.61000000,0.01500000,sell,2017-12-30T17:33:53.381000Z
4718213571,12972.94000000,1.87931266,sell,2017-12-30T17:33:53.381000Z
4718213573,12973.41000000,0.06770000,sell,2017-12-30T17:33:53.381000Z
4718213575,12973.77000000,0.10640000,sell,2017-12-30T17:33:53.381000Z
4718213577,12974.04000000,0.00710000,sell,2017-12-30T17:33:53.381000Z
4718213579,12974.45000000,0.01500000,sell,2017-12-30T17:33:53.381000Z
4718213581,12974.98000000,0.01500000,sell,2017-12-30T17:33:53.381000Z
4718213583,12975.00000000,0.01334063,sell,2017-12-30T17:33:53.381000Z
4718214234,12963.09000000,0.01022000,buy,2017-12-30T17:33:56.660000Z
4718214236,12963.09000000,0.02007583,buy,2017-12-30T17:33:56.660000Z
4718214238,12963.09000000,0.16970417,buy,2017-12-30T17:33:56.660000Z
4718214423,12963.10000000,0.00100000,sell,2017-12-30T17:33:59.120000Z
4718214425,12963.10000000,0.01000000,sell,2017-12-30T17:33:59.120000Z
4718214427,12963.10000000,1.00000000,sell,2017-12-30T17:33:59.120000Z
4718214429,12963.10000000,2.00000000,sell,2017-12-30T17:33:59.120000Z
4718214431,12963.10000000,0.00010000,sell,2017-12-30T17:33:59.120000Z
4718214433,12963.10000000,1.00000000,sell,2017-12-30T17:33:59.120000Z
4718214435,12965.00000000,0.02000000,sell,2017-12-30T17:33:59.120000Z
4718214437,12972.53000000,0.59252545,sell,2017-12-30T17:33:59.120000Z
4718214521,12963.09000000,0.20000000,buy,2017-12-30T17:33:59.425000Z
4718214578,12963.50000000,0.30778917,sell,2017-12-30T17:34:00.033000Z
4718214851,12963.49000000,0.20000000,buy,2017-12-30T17:34:02.298000Z
4718215027,12963.50000000,0.10003148,sell,2017-12-30T17:34:04.975000Z
4718215132,12963.49000000,0.20000000,buy,2017-12-30T17:34:06.619000Z
4718215159,12963.49000000,0.30000000,buy,2017-12-30T17:34:06.824000Z
4718215205,12963.50000000,0.03847364,sell,2017-12-30T17:34:08.424000Z
4718215228,12963.50000000,0.00076947,sell,2017-12-30T17:34:09.155000Z
4718215243,12963.49000000,0.05272346,buy,2017-12-30T17:34:09.666000Z
4718215245,12963.49000000,0.09000000,buy,2017-12-30T17:34:09.666000Z
4718215247,12963.49000000,0.05727654,buy,2017-12-30T17:34:09.666000Z
4718215311,12963.50000000,0.00692525,sell,2017-12-30T17:34:10.430000Z
4718215347,12963.50000000,0.30146999,sell,2017-12-30T17:34:11.162000Z
4718215349,12963.50000000,0.00047000,sell,2017-12-30T17:34:11.162000Z
4718215351,12963.50000000,1.00000000,sell,2017-12-30T17:34:11.162000Z
4718215353,12963.50000000,0.01000000,sell,2017-12-30T17:34:11.162000Z
4718215355,12963.50000000,0.32879636,sell,2017-12-30T17:34:11.162000Z
4718215489,12963.49000000,0.20000000,buy,2017-12-30T17:34:14.200000Z
4718215514,12963.50000000,0.67120364,sell,2017-12-30T17:34:14.793000Z
4718215516,12963.50000000,0.01002400,sell,2017-12-30T17:34:14.793000Z
4718215518,12963.50000000,0.00010000,sell,2017-12-30T17:34:14.793000Z
4718215520,12963.50000000,2.26987236,sell,2017-12-30T17:34:14.793000Z
4718215556,12963.49000000,0.00376967,buy,2017-12-30T17:34:15.389000Z
4718215574,12963.49000000,0.13895379,buy,2017-12-30T17:34:15.714000Z
4718215576,12963.49000000,0.03730000,buy,2017-12-30T17:34:15.714000Z
4718215578,12963.49000000,0.01044913,buy,2017-12-30T17:34:15.714000Z
4718215580,12963.00000000,0.06329708,buy,2017-12-30T17:34:15.714000Z
4718215792,12963.00000000,0.03670292,buy,2017-12-30T17:34:16.959000Z
4718215794,12963.00000000,0.10000000,buy,2017-12-30T17:34:16.959000Z
4718215796,12960.42000000,0.01000000,buy,2017-12-30T17:34:16.959000Z
4718215798,12960.00000000,0.00400000,buy,2017-12-30T17:34:16.959000Z
4718215800,12960.00000000,0.04929708,buy,2017-12-30T17:34:16.959000Z
4718215893,12962.98000000,0.01539007,sell,2017-12-30T17:34:17.587000Z
4718216214,12960.00000000,0.33070292,buy,2017-12-30T17:34:18.678000Z
4718216216,12960.00000000,0.01540000,buy,2017-12-30T17:34:18.678000Z
4718216218,12960.00000000,0.03150000,buy,2017-12-30T17:34:18.678000Z
4718216220,12956.00000000,0.53600541,buy,2017-12-30T17:34:18.678000Z
4718216222,12954.58000000,0.00110000,buy,2017-12-30T17:34:18.678000Z
4718216224,12954.58000000,0.00960794,buy,2017-12-30T17:34:18.678000Z
4718216226,12954.49000000,0.01200000,buy,2017-12-30T17:34:18.678000Z
4718216228,12954.49000000,1.10311351,buy,2017-12-30T17:34:18.678000Z
4718216230,12954.25000000,0.40000000,buy,2017-12-30T17:34:18.678000Z
4718216232,12954.25000000,2.56057022,buy,2017-12-30T17:34:18.678000Z
4718216374,12960.02000000,0.04000000,buy,2017-12-30T17:34:19.161000Z
4718216381,12960.02000000,0.04000000,buy,2017-12-30T17:34:19.196000Z
4718216504,12960.02000000,0.20000000,buy,2017-12-30T17:34:20.007000Z
4718216765,12960.02000000,0.17869240,buy,2017-12-30T17:34:25.336000Z
4718216767,12960.02000000,0.00033779,buy,2017-12-30T17:34:25.336000Z
4718216852,12960.00000000,0.20000000,buy,2017-12-30T17:34:25.797000Z
4718216855,12960.00000000,0.76460000,buy,2017-12-30T17:34:25.819000Z
4718216860,12960.01000000,0.00101674,sell,2017-12-30T17:34:25.826000Z
4718217379,12954.35000000,1.00000000,sell,2017-12-30T17:34:27.332000Z
4718217567,12954.25000000,0.20000000,buy,2017-12-30T17:34:28.574000Z
4718217673,12954.25000000,0.11277153,buy,2017-12-30T17:34:31.399000Z
4718217675,12954.25000000,0.01000000,buy,2017-12-30T17:34:31.399000Z
4718217677,12954.25000000,0.02116200,buy,2017-12-30T17:34:31.399000Z
4718217679,12954.25000000,0.02116200,buy,2017-12-30T17:34:31.399000Z
4718217681,12954.25000000,0.03490447,buy,2017-12-30T17:34:31.399000Z
4718217685,12954.25000000,0.06509553,buy,2017-12-30T17:34:31.476000Z
4718217735,12954.25000000,0.07187942,sell,2017-12-30T17:34:31.988000Z
4718217810,12954.24000000,0.00771948,buy,2017-12-30T17:34:33.829000Z
4718217812,12954.24000000,0.01375900,buy,2017-12-30T17:34:33.829000Z
4718217814,12954.24000000,0.01375900,buy,2017-12-30T17:34:33.829000Z
4718218053,12954.12000000,0.01907590,buy,2017-12-30T17:34:34.317000Z
4718218055,12954.10000000,0.00019988,buy,2017-12-30T17:34:34.317000Z
4718218057,12954.02000000,0.08306302,buy,2017-12-30T17:34:34.317000Z
4718218059,12954.00000000,0.01962251,buy,2017-12-30T17:34:34.317000Z
4718218061,12954.00000000,0.07803869,buy,2017-12-30T17:34:34.317000Z
4718218293,12954.00000000,0.20000000,buy,2017-12-30T17:34:37.200000Z
4718218333,12954.01000000,1.30000000,sell,2017-12-30T17:34:38.683000Z
4718218335,12954.01000000,0.10370000,sell,2017-12-30T17:34:38.683000Z
4718218349,12954.00000000,0.23966700,buy,2017-12-30T17:34:38.836000Z
4718218401,12954.00000000,0.01925093,sell,2017-12-30T17:34:38.999000Z
4718218478,12953.95000000,0.36900000,sell,2017-12-30T17:34:39.296000Z
4718218480,12953.96000000,0.50000000,sell,2017-12-30T17:34:39.296000Z
4718218482,12953.99000000,0.01000000,sell,2017-12-30T17:34:39.296000Z
4718218484,12954.01000000,0.37278214,sell,2017-12-30T17:34:39.296000Z
4718218661,12953.00000000,0.00600000,buy,2017-12-30T17:34:40.084000Z
4718218663,12951.00000000,0.06865562,buy,2017-12-30T17:34:40.084000Z
4718218665,12950.00000000,0.12534438,buy,2017-12-30T17:34:40.084000Z
4718218911,12950.01000000,0.00732000,sell,2017-12-30T17:34:41.931000Z
4718218913,12950.01000000,0.01903648,sell,2017-12-30T17:34:41.931000Z
4718218974,12950.00000000,0.00077200,buy,2017-12-30T17:34:42.869000Z
4718218995,12950.00000000,0.20000000,buy,2017-12-30T17:34:43.003000Z
4718219040,12950.00000000,0.17388362,buy,2017-12-30T17:34:43.861000Z
4718219042,12950.00000000,0.01000000,buy,2017-12-30T17:34:43.861000Z
4718219044,12950.00000000,0.09000000,buy,2017-12-30T17:34:43.862000Z
4718219046,12950.00000000,0.00154440,buy,2017-12-30T17:34:43.862000Z
4718219048,12950.00000000,0.01158200,buy,2017-12-30T17:34:43.862000Z
4718219050,12950.00000000,0.01200000,buy,2017-12-30T17:34:43.862000Z
4718219052,12950.00000000,0.00098998,buy,2017-12-30T17:34:43.862000Z
4718219092,12950.00000000,0.00000011,buy,2017-12-30T17:34:44.289000Z
4718219106,12950.00000000,0.01000000,buy,2017-12-30T17:34:44.637000Z
4718219113,12950.01000000,0.07702744,sell,2017-12-30T17:34:45.031000Z
4718219140,12950.00000000,0.06149991,buy,2017-12-30T17:34:45.820000Z
4718219142,12950.00000000,0.13606332,buy,2017-12-30T17:34:45.820000Z
4718219144,12950.00000000,0.00243677,buy,2017-12-30T17:34:45.820000Z
4718219186,12950.00000000,0.46620210,buy,2017-12-30T17:34:47.689000Z
4718219249,12950.00000000,0.03136113,buy,2017-12-30T17:34:48.686000Z
4718219251,12950.00000000,0.00011004,buy,2017-12-30T17:34:48.686000Z
4718219253,12950.00000000,0.00022007,buy,2017-12-30T17:34:48.686000Z
4718219255,12950.00000000,0.00044014,buy,2017-12-30T17:34:48.686000Z
4718219257,12950.00000000,0.00088028,buy,2017-12-30T17:34:48.686000Z
4718219259,12948.00000000,0.16698834,buy,2017-12-30T17:34:48.686000Z
4718219451,12949.95000000,0.00960794,sell,2017-12-30T17:34:49.264000Z
4718219453,12950.01000000,0.06741955,sell,2017-12-30T17:34:49.264000Z
4718219625,12950.01000000,0.19829366,sell,2017-12-30T17:34:50.354000Z
4718219663,12950.00000000,0.20000000,buy,2017-12-30T17:34:51.612000Z
4718219684,12950.01000000,0.01853126,sell,2017-12-30T17:34:52.321000Z
4718219747,12950.01000000,0.03851372,sell,2017-12-30T17:34:53.891000Z
4718219768,12950.00000000,0.30000000,buy,2017-12-30T17:34:54.315000Z
4718219780,12950.00000000,0.00062471,buy,2017-12-30T17:34:54.411000Z
4718219782,12950.00000000,0.00137079,buy,2017-12-30T17:34:54.411000Z
4718219784,12950.00000000,0.19800450,buy,2017-12-30T17:34:54.411000Z
4718219982,12950.00000000,0.20000000,buy,2017-12-30T17:34:58.684000Z
4718220014,12950.00000000,0.30000000,buy,2017-12-30T17:34:59.310000Z
4718220086,12950.01000000,0.01679140,sell,2017-12-30T17:35:00.138000Z
4718220089,12950.01000000,0.01679140,sell,2017-12-30T17:35:00.150000Z
4718220093,12950.01000000,0.01679140,sell,2017-12-30T17:35:00.185000Z
4718220096,12950.01000000,0.01679140,sell,2017-12-30T17:35:00.189000Z
4718220099,12950.01000000,0.01679140,sell,2017-12-30T17:35:00.194000Z
4718220111,12950.01000000,0.01679140,sell,2017-12-30T17:35:00.263000Z
4718220115,12950.01000000,0.01679140,sell,2017-12-30T17:35:00.272000Z
4718220129,12950.01000000,0.01887200,sell,2017-12-30T17:35:00.326000Z
4718220172,12950.01000000,0.15405489,sell,2017-12-30T17:35:01.080000Z
4718220220,12950.00000000,0.20000000,buy,2017-12-30T17:35:01.684000Z
4718220225,12950.00000000,0.10199550,buy,2017-12-30T17:35:01.702000Z
4718220227,12950.00000000,0.46034439,buy,2017-12-30T17:35:01.702000Z
4718220229,12950.00000000,0.03500000,buy,2017-12-30T17:35:01.702000Z
4718220231,12950.00000000,0.00087100,buy,2017-12-30T17:35:01.702000Z
4718220233,12950.00000000,0.00342000,buy,2017-12-30T17:35:01.702000Z
4718220235,12950.00000000,0.08250000,buy,2017-12-30T17:35:01.702000Z
4718220237,12950.00000000,0.02621325,buy,2017-12-30T17:35:01.702000Z
4718220239,12950.00000000,0.40000000,buy,2017-12-30T17:35:01.702000Z
4718220241,12948.01000000,0.00010002,buy,2017-12-30T17:35:01.702000Z
4718220243,12948.01000000,0.00020003,buy,2017-12-30T17:35:01.702000Z
4718220245,12948.01000000,0.00040006,buy,2017-12-30T17:35:01.702000Z
4718220247,12948.00000000,0.36601166,buy,2017-12-30T17:35:01.702000Z
4718220249,12947.01000000,0.46000000,buy,2017-12-30T17:35:01.702000Z
4718220251,12947.00000000,0.03856834,buy,2017-12-30T17:35:01.702000Z
4718220253,12946.15000000,0.00079940,buy,2017-12-30T17:35:01.702000Z
4718220255,12946.15000000,0.00159880,buy,2017-12-30T17:35:01.702000Z
4718220257,12946.14000000,0.00010000,buy,2017-12-30T17:35:01.702000Z
4718220259,12941.98000000,1.00000000,buy,2017-12-30T17:35:01.702000Z
4718220261,12941.48000000,0.01000000,buy,2017-12-30T17:35:01.702000Z
4718220263,12940.00000000,0.01200000,buy,2017-12-30T17:35:01.702000Z
4718220265,12938.49000000,0.01500000,buy,2017-12-30T17:35:01.702000Z
4718220267,12936.00000000,0.18500000,buy,2017-12-30T17:35:01.702000Z
4718220269,12933.25000000,0.00080065,buy,2017-12-30T17:35:01.702000Z
4718220271,12933.25000000,0.00160130,buy,2017-12-30T17:35:01.702000Z
4718220273,12933.25000000,0.00320261,buy,2017-12-30T17:35:01.702000Z
4718220275,12933.25000000,0.00640521,buy,2017-12-30T17:35:01.702000Z
4718220277,12933.25000000,0.01281042,buy,2017-12-30T17:35:01.702000Z
4718220279,12933.25000000,0.00020020,buy,2017-12-30T17:35:01.702000Z
4718220281,12933.25000000,0.02562084,buy,2017-12-30T17:35:01.702000Z
4718220283,12933.25000000,0.05124169,buy,2017-12-30T17:35:01.702000Z
4718220285,12933.25000000,0.00010002,buy,2017-12-30T17:35:01.702000Z
4718220287,12933.25000000,0.00020005,buy,2017-12-30T17:35:01.702000Z
4718220289,12933.25000000,0.00010002,buy,2017-12-30T17:35:01.702000Z
4718220291,12933.25000000,0.00020005,buy,2017-12-30T17:35:01.702000Z
4718220293,12933.00000000,0.02000000,buy,2017-12-30T17:35:01.702000Z
4718220295,12930.01000000,0.50000000,buy,2017-12-30T17:35:01.702000Z
4718220297,12930.00000000,0.25000000,buy,2017-12-30T17:35:01.702000Z
4718220299,12930.00000000,0.00105322,buy,2017-12-30T17:35:01.702000Z
4718220301,12930.00000000,0.76456010,buy,2017-12-30T17:35:01.702000Z
4718220773,12942.02000000,0.09700000,buy,2017-12-30T17:35:03.444000Z
4718220775,12933.26000000,0.01280319,buy,2017-12-30T17:35:03.444000Z
4718220777,12930.02000000,0.00110000,buy,2017-12-30T17:35:03.444000Z
4718220779,12930.01000000,0.28879681,buy,2017-12-30T17:35:03.444000Z
4718221075,12933.27000000,0.02560635,buy,2017-12-30T17:35:04.558000Z
4718221077,12930.02000000,0.05122558,buy,2017-12-30T17:35:04.558000Z
4718221079,12930.02000000,0.10245116,buy,2017-12-30T17:35:04.558000Z
4718221081,12930.02000000,0.02071691,buy,2017-12-30T17:35:04.558000Z
4718221223,12933.35000000,0.21450804,sell,2017-12-30T17:35:05.143000Z
4718221225,12933.37000000,0.17226708,sell,2017-12-30T17:35:05.143000Z
4718221259,12933.31000000,0.15494372,sell,2017-12-30T17:35:05.415000Z
4718221261,12933.36000000,0.00040036,sell,2017-12-30T17:35:05.415000Z
4718221263,12933.37000000,0.05916396,sell,2017-12-30T17:35:05.415000Z
4718221336,12930.13000000,0.15534408,sell,2017-12-30T17:35:05.622000Z
4718221398,12930.13000000,0.21163185,sell,2017-12-30T17:35:05.877000Z
4718221428,12930.13000000,0.26416226,sell,2017-12-30T17:35:06.137000Z
4718221470,12930.13000000,0.02203105,sell,2017-12-30T17:35:06.423000Z
4718221607,12930.12000000,0.20000000,buy,2017-12-30T17:35:07.475000Z
4718221671,12930.13000000,0.17542570,sell,2017-12-30T17:35:08.189000Z
4718221725,12930.13000000,0.01000000,sell,2017-12-30T17:35:08.503000Z
4718221727,12930.13000000,0.14503325,sell,2017-12-30T17:35:08.503000Z
4718221830,12930.12000000,0.01456163,buy,2017-12-30T17:35:09.326000Z
4718221832,12930.12000000,0.15498195,buy,2017-12-30T17:35:09.326000Z
4718221834,12930.12000000,0.00100000,buy,2017-12-30T17:35:09.326000Z
4718221836,12930.12000000,0.05000000,buy,2017-12-30T17:35:09.326000Z
4718221838,12930.12000000,0.07945642,buy,2017-12-30T17:35:09.326000Z
4718221904,12930.12000000,0.01144996,buy,2017-12-30T17:35:09.892000Z
4718221935,12930.12000000,0.20000000,buy,2017-12-30T17:35:10.396000Z
4718222096,12930.12000000,0.12193763,buy,2017-12-30T17:35:12.682000Z
4718222134,12930.12000000,0.20000000,buy,2017-12-30T17:35:13.276000Z
4718222227,12930.13000000,0.01031083,sell,2017-12-30T17:35:15.524000Z
4718222229,12930.13000000,0.00010000,sell,2017-12-30T17:35:15.524000Z
4718222231,12930.13000000,0.99248558,sell,2017-12-30T17:35:15.524000Z
4718222255,12930.13000000,0.03857293,sell,2017-12-30T17:35:15.646000Z
4718222309,12930.12000000,0.20000000,buy,2017-12-30T17:35:16.139000Z
4718222467,12930.12000000,0.22151424,buy,2017-12-30T17:35:17.799000Z
4718222492,12930.13000000,0.16405842,sell,2017-12-30T17:35:18.299000Z
4718222543,12930.12000000,0.20000000,buy,2017-12-30T17:35:18.970000Z
4718222590,12930.12000000,0.30000000,buy,2017-12-30T17:35:19.760000Z
4718222658,12930.12000000,0.20000000,buy,2017-12-30T17:35:21.828000Z
4718222716,12930.13000000,0.00734664,sell,2017-12-30T17:35:23.124000Z
4718222718,12930.13000000,0.00010000,sell,2017-12-30T17:35:23.124000Z
4718222720,12930.13000000,0.00010000,sell,2017-12-30T17:35:23.124000Z
4718222722,12930.13000000,0.10817217,sell,2017-12-30T17:35:23.124000Z
4718222770,12930.13000000,0.03000000,sell,2017-12-30T17:35:23.300000Z
4718222844,12930.13000000,0.15429175,sell,2017-12-30T17:35:24.370000Z
4718222875,12930.12000000,0.20000000,buy,2017-12-30T17:35:24.720000Z
4718223077,12930.12000000,0.56564175,buy,2017-12-30T17:35:27.304000Z
4718223079,12930.12000000,0.00963009,buy,2017-12-30T17:35:27.304000Z
4718223081,12930.12000000,0.45409648,buy,2017-12-30T17:35:27.304000Z
4718223112,12930.12000000,0.00500000,buy,2017-12-30T17:35:27.493000Z
4718223122,12930.12000000,0.20000000,buy,2017-12-30T17:35:27.603000Z
4718223143,12930.13000000,0.16285537,sell,2017-12-30T17:35:27.722000Z
4718223145,12930.13000000,1.00000000,sell,2017-12-30T17:35:27.722000Z
4718223147,12930.13000000,0.00010000,sell,2017-12-30T17:35:27.722000Z
4718223149,12930.13000000,0.00932073,sell,2017-12-30T17:35:27.722000Z
4718223151,12930.13000000,0.00010000,sell,2017-12-30T17:35:27.722000Z
4718223153,12930.13000000,0.01000000,sell,2017-12-30T17:35:27.722000Z
4718223155,12930.13000000,0.00010000,sell,2017-12-30T17:35:27.722000Z
4718223157,12930.13000000,0.28764522,sell,2017-12-30T17:35:27.722000Z
4718223159,12930.13000000,1.00000000,sell,2017-12-30T17:35:27.722000Z
4718223161,12930.13000000,0.81217868,sell,2017-12-30T17:35:27.722000Z
4718223673,12930.12000000,0.01000000,buy,2017-12-30T17:35:30.511000Z
4718223675,12930.12000000,0.00200000,buy,2017-12-30T17:35:30.511000Z
4718223677,12930.12000000,0.11579000,buy,2017-12-30T17:35:30.511000Z
4718223679,12930.12000000,0.07221000,buy,2017-12-30T17:35:30.511000Z
4718223950,12930.12000000,0.20000000,buy,2017-12-30T17:35:33.401000Z
4718224046,12930.13000000,0.04000000,sell,2017-12-30T17:35:35.070000Z
4718224055,12930.13000000,0.04000000,sell,2017-12-30T17:35:35.112000Z
4718224182,12930.13000000,0.02971427,sell,2017-12-30T17:35:36.432000Z
4718224251,12930.12000000,0.20000000,buy,2017-12-30T17:35:37.866000Z
4718224368,12930.12000000,0.01406728,buy,2017-12-30T17:35:39.555000Z
4718224429,12930.12000000,0.20000000,buy,2017-12-30T17:35:40.724000Z
4718224609,12930.12000000,0.11000000,buy,2017-12-30T17:35:43.031000Z
4718224686,12930.12000000,0.20000000,buy,2017-12-30T17:35:43.630000Z
4718224927,12930.12000000,0.20000000,buy,2017-12-30T17:35:46.504000Z
4718225175,12930.12000000,0.20000000,buy,2017-12-30T17:35:49.535000Z
4718225202,12930.13000000,0.00192864,sell,2017-12-30T17:35:49.631000Z
4718225417,12930.13000000,0.07617841,sell,2017-12-30T17:35:52.426000Z
4718225419,12930.13000000,0.00010000,sell,2017-12-30T17:35:52.426000Z
4718225421,12930.13000000,0.05000000,sell,2017-12-30T17:35:52.426000Z
4718225423,12930.13000000,1.00000000,sell,2017-12-30T17:35:52.426000Z
4718225425,12930.13000000,1.00000000,sell,2017-12-30T17:35:52.426000Z
4718225427,12930.13000000,0.00010000,sell,2017-12-30T17:35:52.426000Z
4718225429,12930.13000000,0.00010000,sell,2017-12-30T17:35:52.426000Z
4718225431,12930.13000000,0.00010000,sell,2017-12-30T17:35:52.426000Z
4718225433,12930.13000000,0.00010000,sell,2017-12-30T17:35:52.426000Z
4718225435,12930.13000000,0.01000000,sell,2017-12-30T17:35:52.426000Z
4718225437,12930.13000000,0.00010000,sell,2017-12-30T17:35:52.426000Z
4718225439,12930.13000000,0.00010000,sell,2017-12-30T17:35:52.426000Z
4718225441,12930.13000000,0.00010000,sell,2017-12-30T17:35:52.426000Z
4718225443,12930.25000000,0.01355411,sell,2017-12-30T17:35:52.426000Z
4718225445,12932.12000000,0.00963009,sell,2017-12-30T17:35:52.426000Z
4718225447,12932.27000000,0.12317757,sell,2017-12-30T17:35:52.426000Z
4718225449,12933.35000000,0.00080073,sell,2017-12-30T17:35:52.426000Z
4718225451,12935.00000000,0.22825909,sell,2017-12-30T17:35:52.426000Z
4718225455,12930.12000000,0.20000000,buy,2017-12-30T17:35:52.446000Z
4718225729,12934.36000000,0.00995000,buy,2017-12-30T17:35:54.819000Z
4718225731,12934.36000000,0.32319573,buy,2017-12-30T17:35:54.819000Z
4718225774,12934.36000000,0.20000000,buy,2017-12-30T17:35:55.343000Z
4718225999,12934.36000000,0.20000000,buy,2017-12-30T17:35:58.285000Z
4718226159,12934.36000000,0.05513686,buy,2017-12-30T17:36:01.216000Z
4718226161,12934.36000000,0.01000000,buy,2017-12-30T17:36:01.216000Z
4718226163,12934.36000000,0.04671268,buy,2017-12-30T17:36:01.216000Z
4718226165,12934.36000000,0.01000000,buy,2017-12-30T17:36:01.216000Z
4718226167,12934.36000000,0.07815046,buy,2017-12-30T17:36:01.216000Z
4718226330,12934.36000000,0.20000000,buy,2017-12-30T17:36:04.158000Z
4718226372,12934.37000000,0.01000000,sell,2017-12-30T17:36:04.807000Z
4718226374,12934.37000000,0.06519257,sell,2017-12-30T17:36:04.807000Z
4718226478,12934.36000000,0.20000000,buy,2017-12-30T17:36:07.019000Z
4718226651,12934.36000000,0.31849642,buy,2017-12-30T17:36:09.904000Z
4718226653,12934.36000000,0.01000000,buy,2017-12-30T17:36:09.904000Z
4718226655,12934.36000000,0.03600000,buy,2017-12-30T17:36:09.904000Z
4718226657,12933.35000000,0.03865974,buy,2017-12-30T17:36:09.904000Z
4718226659,12930.13000000,0.50000000,buy,2017-12-30T17:36:09.904000Z
4718226661,12930.13000000,0.00160144,buy,2017-12-30T17:36:09.904000Z
4718226663,12930.13000000,0.00320289,buy,2017-12-30T17:36:09.904000Z
4718226665,12930.13000000,0.00640578,buy,2017-12-30T17:36:09.904000Z
4718226667,12930.13000000,0.01281155,buy,2017-12-30T17:36:09.904000Z
4718226669,12930.13000000,0.02562311,buy,2017-12-30T17:36:09.904000Z
4718226671,12930.13000000,0.05124621,buy,2017-12-30T17:36:09.904000Z
4718226673,12930.12000000,0.28000000,buy,2017-12-30T17:36:09.904000Z
4718226675,12930.12000000,0.01305286,buy,2017-12-30T17:36:09.904000Z
4718226689,12930.12000000,0.02147288,buy,2017-12-30T17:36:09.955000Z
4718226691,12930.12000000,0.08000000,buy,2017-12-30T17:36:09.955000Z
4718226693,12930.12000000,0.09852712,buy,2017-12-30T17:36:09.955000Z
4718227022,12934.18000000,0.00077121,sell,2017-12-30T17:36:10.849000Z
4718227156,12930.22000000,0.00940000,sell,2017-12-30T17:36:11.158000Z
4718227238,12930.17000000,0.02600000,buy,2017-12-30T17:36:11.678000Z
4718227240,12930.16000000,0.00640208,buy,2017-12-30T17:36:11.678000Z
4718227242,12930.14000000,0.00010003,buy,2017-12-30T17:36:11.678000Z
4718227244,12930.13000000,0.00020007,buy,2017-12-30T17:36:11.678000Z
4718227246,12930.13000000,0.00040013,buy,2017-12-30T17:36:11.678000Z
4718227248,12930.13000000,0.00080026,buy,2017-12-30T17:36:11.678000Z
4718227250,12930.13000000,0.00160052,buy,2017-12-30T17:36:11.679000Z
4718227252,12930.13000000,0.00320105,buy,2017-12-30T17:36:11.679000Z
4718227254,12930.12000000,0.00147288,buy,2017-12-30T17:36:11.679000Z
4718227256,12930.04000000,0.00040036,buy,2017-12-30T17:36:11.679000Z
4718227258,12930.04000000,0.00080073,buy,2017-12-30T17:36:11.679000Z
4718227260,12930.03000000,0.20490216,buy,2017-12-30T17:36:11.679000Z
4718227262,12930.03000000,0.00010009,buy,2017-12-30T17:36:11.679000Z
4718227264,12930.03000000,0.00020018,buy,2017-12-30T17:36:11.679000Z
4718227266,12930.01000000,0.05971260,buy,2017-12-30T17:36:11.679000Z
4718227268,12930.01000000,0.00200000,buy,2017-12-30T17:36:11.679000Z
4718227270,12930.01000000,0.00962696,buy,2017-12-30T17:36:11.679000Z
4718227272,12930.00000000,0.00883490,buy,2017-12-30T17:36:11.679000Z
4718227274,12930.00000000,1.45723445,buy,2017-12-30T17:36:11.679000Z
4718227603,12930.04000000,0.02500000,buy,2017-12-30T17:36:12.929000Z
4718227605,12930.00000000,0.17500000,buy,2017-12-30T17:36:12.929000Z
4718227724,12930.00000000,0.15375088,buy,2017-12-30T17:36:13.539000Z
4718227752,12930.01000000,0.21456163,sell,2017-12-30T17:36:13.787000Z
4718227754,12930.01000000,0.05000000,sell,2017-12-30T17:36:13.787000Z
4718227756,12930.01000000,0.04402474,sell,2017-12-30T17:36:13.787000Z
4718227807,12930.00000000,0.31401467,buy,2017-12-30T17:36:14.515000Z
4718227809,12930.00000000,0.01000000,buy,2017-12-30T17:36:14.515000Z
4718227811,12930.00000000,0.00773000,buy,2017-12-30T17:36:14.515000Z
4718227813,12930.00000000,0.00848251,buy,2017-12-30T17:36:14.515000Z
4718228141,12930.00000000,0.14611749,buy,2017-12-30T17:36:17.324000Z
4718228143,12930.00000000,0.05388251,buy,2017-12-30T17:36:17.324000Z
4718228165,12930.01000000,0.01000000,sell,2017-12-30T17:36:17.925000Z
4718228273,12930.01000000,0.07712011,sell,2017-12-30T17:36:19.778000Z
4718228330,12930.00000000,0.20000000,buy,2017-12-30T17:36:20.234000Z
4718228363,12930.01000000,0.00115719,sell,2017-12-30T17:36:21.009000Z
4718228449,12930.00000000,0.20000000,buy,2017-12-30T17:36:23.124000Z
4718228633,12930.00000000,0.04611749,buy,2017-12-30T17:36:25.967000Z
4718228635,12930.00000000,0.00688245,buy,2017-12-30T17:36:25.967000Z
4718228637,12930.00000000,0.00963021,buy,2017-12-30T17:36:25.967000Z
4718228639,12930.00000000,0.11597000,buy,2017-12-30T17:36:25.967000Z
4718228641,12930.00000000,0.02139985,buy,2017-12-30T17:36:25.967000Z
4718228860,12930.00000000,0.09457015,buy,2017-12-30T17:36:28.915000Z
4718228862,12930.00000000,0.10542985,buy,2017-12-30T17:36:28.915000Z
4718228964,12930.00000000,0.01079015,buy,2017-12-30T17:36:31.031000Z
4718228966,12930.00000000,0.01000000,buy,2017-12-30T17:36:31.031000Z
4718228968,12930.00000000,0.01000000,buy,2017-12-30T17:36:31.031000Z
4718228970,12930.00000000,0.02885341,buy,2017-12-30T17:36:31.031000Z
4718229000,12930.01000000,0.06670465,sell,2017-12-30T17:36:31.584000Z
4718229002,12930.01000000,1.00000000,sell,2017-12-30T17:36:31.584000Z
4718229004,12930.01000000,1.00000000,sell,2017-12-30T17:36:31.584000Z
4718229006,12930.01000000,0.02292391,sell,2017-12-30T17:36:31.584000Z
4718229008,12930.01000000,0.00010000,sell,2017-12-30T17:36:31.584000Z
4718229010,12930.01000000,0.01000000,sell,2017-12-30T17:36:31.584000Z
4718229012,12930.01000000,0.00010000,sell,2017-12-30T17:36:31.584000Z
4718229014,12930.01000000,0.00010000,sell,2017-12-30T17:36:31.584000Z
4718229016,12930.01000000,0.64337144,sell,2017-12-30T17:36:31.584000Z
4718229059,12930.00000000,0.20000000,buy,2017-12-30T17:36:31.787000Z
4718229210,12930.00000000,0.20000000,buy,2017-12-30T17:36:34.665000Z
4718229337,12930.00000000,0.20000000,buy,2017-12-30T17:36:37.607000Z
4718229414,12930.01000000,0.00010000,sell,2017-12-30T17:36:39.297000Z
4718229416,12930.01000000,0.00010000,sell,2017-12-30T17:36:39.297000Z
4718229418,12930.01000000,0.00010000,sell,2017-12-30T17:36:39.297000Z
4718229420,12930.01000000,0.01991472,sell,2017-12-30T17:36:39.297000Z
4718229489,12930.00000000,0.20000000,buy,2017-12-30T17:36:40.572000Z
4718229623,12930.00000000,0.20000000,buy,2017-12-30T17:36:43.464000Z
4718229652,12930.00000000,0.01287641,buy,2017-12-30T17:36:44.530000Z
4718229754,12930.00000000,0.20000000,buy,2017-12-30T17:36:46.384000Z
4718229807,12930.01000000,0.03857329,sell,2017-12-30T17:36:47.189000Z
4718229938,12930.00000000,0.20000000,buy,2017-12-30T17:36:49.241000Z
4718230032,12930.01000000,0.85860000,sell,2017-12-30T17:36:50.405000Z
4718230149,12930.01000000,0.08291199,sell,2017-12-30T17:36:51.452000Z
4718230151,12930.01000000,0.68855395,sell,2017-12-30T17:36:51.452000Z
4718230239,12930.00000000,0.20000000,buy,2017-12-30T17:36:52.145000Z
4718230547,12930.01000000,0.00385732,sell,2017-12-30T17:36:54.242000Z
4718230674,12930.00000000,0.20000000,buy,2017-12-30T17:36:55.084000Z
4718230686,12930.00000000,0.22855000,buy,2017-12-30T17:36:55.224000Z
4718230877,12930.00000000,0.10000000,buy,2017-12-30T17:36:56.619000Z
4718231038,12930.00000000,0.20000000,buy,2017-12-30T17:36:57.975000Z
4718231333,12930.00000000,0.20000000,buy,2017-12-30T17:37:00.817000Z
4718231439,12930.01000000,0.02374109,sell,2017-12-30T17:37:02.869000Z
4718231442,12930.00000000,0.00077200,buy,2017-12-30T17:37:02.921000Z
4718231455,12930.01000000,0.01000000,sell,2017-12-30T17:37:03.249000Z
4718231535,12930.00000000,0.20000000,buy,2017-12-30T17:37:05.266000Z
4718231557,12930.01000000,0.05785994,sell,2017-12-30T17:37:05.736000Z
4718231633,12930.01000000,0.21598770,sell,2017-12-30T17:37:07.494000Z
4718231635,12930.01000000,1.00000000,sell,2017-12-30T17:37:07.494000Z
4718231637,12930.01000000,0.05000000,sell,2017-12-30T17:37:07.494000Z
4718231639,12930.01000000,0.00010000,sell,2017-12-30T17:37:07.494000Z
4718231641,12930.01000000,0.00010000,sell,2017-12-30T17:37:07.494000Z
4718231643,12930.01000000,0.00010000,sell,2017-12-30T17:37:07.494000Z
4718231645,12930.01000000,0.05000000,sell,2017-12-30T17:37:07.494000Z
4718231647,12930.01000000,0.75000000,sell,2017-12-30T17:37:07.494000Z
4718231649,12930.01000000,0.00010000,sell,2017-12-30T17:37:07.494000Z
4718231651,12930.01000000,0.01000000,sell,2017-12-30T17:37:07.494000Z
4718231653,12930.01000000,0.00010000,sell,2017-12-30T17:37:07.494000Z
4718231655,12930.01000000,1.20000000,sell,2017-12-30T17:37:07.494000Z
4718231657,12930.01000000,0.00010000,sell,2017-12-30T17:37:07.494000Z
4718231659,12930.01000000,0.00010000,sell,2017-12-30T17:37:07.494000Z
4718231661,12930.01000000,0.45031230,sell,2017-12-30T17:37:07.494000Z
4718231723,12930.01000000,0.04038305,sell,2017-12-30T17:37:08.179000Z
4718231731,12930.01000000,0.23143978,sell,2017-12-30T17:37:08.302000Z
4718231786,12930.01000000,0.01691797,sell,2017-12-30T17:37:09.679000Z
4718231839,12930.00000000,0.20000000,buy,2017-12-30T17:37:11.201000Z
4718231917,12930.00000000,0.00077200,buy,2017-12-30T17:37:12.978000Z
4718231963,12930.00000000,0.02817618,buy,2017-12-30T17:37:14.172000Z
4718231965,12930.00000000,0.17182382,buy,2017-12-30T17:37:14.172000Z
4718232062,12930.00000000,0.20000000,buy,2017-12-30T17:37:17.020000Z
4718232101,12930.01000000,0.03911411,sell,2017-12-30T17:37:17.513000Z
4718232109,12930.01000000,0.02118134,sell,2017-12-30T17:37:17.754000Z
4718232117,12930.01000000,0.00231439,sell,2017-12-30T17:37:18.072000Z
4718232145,12930.01000000,0.19833706,sell,2017-12-30T17:37:18.676000Z
4718232147,12930.01000000,0.00010000,sell,2017-12-30T17:37:18.676000Z
4718232149,12930.01000000,0.02500000,sell,2017-12-30T17:37:18.676000Z
4718232151,12930.01000000,0.00010000,sell,2017-12-30T17:37:18.676000Z
4718232153,12930.01000000,0.00010000,sell,2017-12-30T17:37:18.676000Z
4718232155,12930.01000000,0.08553657,sell,2017-12-30T17:37:18.676000Z
4718232171,12930.01000000,0.01691797,sell,2017-12-30T17:37:18.887000Z
4718232177,12930.01000000,0.03911411,sell,2017-12-30T17:37:19.065000Z
4718232218,12930.00000000,0.20000000,buy,2017-12-30T17:37:19.941000Z
4718232237,12930.01000000,1.02424292,sell,2017-12-30T17:37:20.378000Z
4718232240,12930.00000000,0.00670380,buy,2017-12-30T17:37:20.895000Z
4718232343,12930.00000000,0.00680238,buy,2017-12-30T17:37:22.860000Z
4718232345,12930.00000000,0.11597000,buy,2017-12-30T17:37:22.860000Z
4718232347,12930.00000000,0.03740000,buy,2017-12-30T17:37:22.860000Z
4718232349,12930.00000000,0.01000000,buy,2017-12-30T17:37:22.860000Z
4718232351,12930.00000000,0.02982762,buy,2017-12-30T17:37:22.860000Z
4718232493,12930.00000000,0.07658238,buy,2017-12-30T17:37:25.856000Z
4718232495,12930.00000000,0.01000000,buy,2017-12-30T17:37:25.856000Z
4718232497,12930.00000000,0.11341762,buy,2017-12-30T17:37:25.856000Z
4718232500,12930.00000000,0.20658238,buy,2017-12-30T17:37:25.856000Z
4718232502,12930.00000000,1.00000000,buy,2017-12-30T17:37:25.856000Z
4718232504,12930.00000000,0.01000000,buy,2017-12-30T17:37:25.856000Z
4718232506,12930.00000000,0.03500000,buy,2017-12-30T17:37:25.856000Z
4718232508,12930.00000000,0.35000000,buy,2017-12-30T17:37:25.856000Z
4718232510,12930.00000000,0.35000000,buy,2017-12-30T17:37:25.856000Z
4718232512,12930.00000000,0.07823906,buy,2017-12-30T17:37:25.856000Z
4718232514,12930.00000000,1.30000000,buy,2017-12-30T17:37:25.856000Z
4718232516,12930.00000000,0.17000000,buy,2017-12-30T17:37:25.856000Z
4718232518,12930.00000000,0.45517856,buy,2017-12-30T17:37:25.856000Z
4718232617,12930.01000000,1.60160000,sell,2017-12-30T17:37:27.548000Z
4718232662,12930.01000000,0.00576207,sell,2017-12-30T17:37:28.259000Z
4718232683,12930.00000000,0.20000000,buy,2017-12-30T17:37:28.634000Z
4718232723,12930.01000000,0.01734949,sell,2017-12-30T17:37:29.658000Z
4718232730,12930.01000000,0.02207926,sell,2017-12-30T17:37:29.859000Z
4718232866,12930.00000000,0.11055312,buy,2017-12-30T17:37:33.053000Z
4718232868,12930.00000000,0.03500000,buy,2017-12-30T17:37:33.053000Z
4718232870,12930.00000000,0.00040000,buy,2017-12-30T17:37:33.053000Z
4718232872,12930.00000000,0.05404688,buy,2017-12-30T17:37:33.053000Z
4718232903,12930.01000000,0.01000000,sell,2017-12-30T17:37:33.608000Z
4718232939,12930.00000000,1.24595311,buy,2017-12-30T17:37:35.324000Z
4718232941,12930.00000000,0.01000000,buy,2017-12-30T17:37:35.324000Z
4718232943,12930.00000000,0.01000000,buy,2017-12-30T17:37:35.324000Z
4718232945,12930.00000000,0.00845000,buy,2017-12-30T17:37:35.324000Z
4718232947,12930.00000000,0.11601000,buy,2017-12-30T17:37:35.324000Z
4718232949,12929.99000000,0.00786250,buy,2017-12-30T17:37:35.324000Z
4718232951,12929.75000000,0.20000000,buy,2017-12-30T17:37:35.324000Z
4718232953,12929.00000000,0.03867236,buy,2017-12-30T17:37:35.324000Z
4718232955,12929.00000000,0.01800000,buy,2017-12-30T17:37:35.324000Z
4718232957,12929.00000000,0.00240000,buy,2017-12-30T17:37:35.324000Z
4718232959,12925.10000000,0.00470000,buy,2017-12-30T17:37:35.324000Z
4718232961,12925.00000000,0.00050000,buy,2017-12-30T17:37:35.324000Z
4718232963,12925.00000000,0.09846250,buy,2017-12-30T17:37:35.324000Z
4718232965,12925.00000000,0.10000000,buy,2017-12-30T17:37:35.324000Z
4718232967,12925.00000000,0.01500000,buy,2017-12-30T17:37:35.324000Z
4718232969,12925.00000000,0.10000000,buy,2017-12-30T17:37:35.324000Z
4718232971,12925.00000000,0.00157000,buy,2017-12-30T17:37:35.324000Z
4718232973,12925.00000000,0.00963021,buy,2017-12-30T17:37:35.324000Z
4718232975,12923.71000000,0.30000000,buy,2017-12-30T17:37:35.324000Z
4718232977,12923.70000000,0.42044690,buy,2017-12-30T17:37:35.324000Z
4718232980,12930.01000000,0.00077146,sell,2017-12-30T17:37:35.332000Z
4718233044,12930.00000000,0.01281055,sell,2017-12-30T17:37:35.550000Z
4718233095,12930.00000000,0.20000000,buy,2017-12-30T17:37:36.014000Z
4718233103,12930.01000000,0.01103963,sell,2017-12-30T17:37:36.209000Z
4718233161,12930.01000000,0.33118890,sell,2017-12-30T17:37:36.395000Z
4718233195,12930.00000000,0.40696697,buy,2017-12-30T17:37:37.225000Z
4718233262,12930.00000000,0.12027027,buy,2017-12-30T17:37:38.468000Z
4718233277,12930.00000000,0.20000000,buy,2017-12-30T17:37:38.909000Z
4718233389,12930.00000000,0.20000000,buy,2017-12-30T17:37:41.834000Z
4718233411,12930.00000000,0.00123630,buy,2017-12-30T17:37:42.297000Z
4718233425,12930.01000000,0.00385732,sell,2017-12-30T17:37:42.735000Z
4718233454,12930.01000000,0.00771465,sell,2017-12-30T17:37:43.965000Z
4718233475,12930.00000000,0.20000000,buy,2017-12-30T17:37:44.748000Z
4718233496,12930.01000000,1.85930343,sell,2017-12-30T17:37:45.387000Z
4718233498,12930.01000000,0.00010000,sell,2017-12-30T17:37:45.387000Z
4718233500,12930.01000000,0.45499439,sell,2017-12-30T17:37:45.388000Z
4718233531,12930.01000000,0.54500561,sell,2017-12-30T17:37:46.605000Z
4718233533,12930.01000000,0.00010000,sell,2017-12-30T17:37:46.605000Z
4718233535,12930.01000000,0.00010000,sell,2017-12-30T17:37:46.605000Z
4718233537,12930.01000000,0.55627977,sell,2017-12-30T17:37:46.605000Z
4718233539,12930.01000000,0.00010000,sell,2017-12-30T17:37:46.605000Z
4718233541,12930.01000000,0.04300000,sell,2017-12-30T17:37:46.605000Z
4718233543,12930.01000000,0.00010000,sell,2017-12-30T17:37:46.605000Z
4718233545,12930.01000000,0.01000000,sell,2017-12-30T17:37:46.605000Z
4718233547,12930.01000000,1.00000000,sell,2017-12-30T17:37:46.605000Z
4718233549,12930.01000000,0.00010000,sell,2017-12-30T17:37:46.605000Z
4718233551,12930.01000000,0.42041462,sell,2017-12-30T17:37:46.605000Z
4718233577,12930.00000000,0.20000000,buy,2017-12-30T17:37:47.634000Z
4718233672,12930.00000000,0.20000000,buy,2017-12-30T17:37:52.006000Z
4718233773,12930.00000000,0.20000000,buy,2017-12-30T17:37:56.303000Z
4718233799,12930.01000000,0.00010000,sell,2017-12-30T17:37:56.796000Z
4718233801,12930.01000000,0.00010000,sell,2017-12-30T17:37:56.796000Z
4718233803,12930.01000000,0.00963028,sell,2017-12-30T17:37:56.796000Z
4718233805,12930.01000000,0.03428754,sell,2017-12-30T17:37:56.796000Z
4718234004,12930.00000000,0.05871591,buy,2017-12-30T17:38:02.076000Z
4718234006,12930.00000000,0.08000000,buy,2017-12-30T17:38:02.076000Z
4718234008,12930.00000000,0.01000000,buy,2017-12-30T17:38:02.076000Z
4718234010,12930.00000000,0.00016983,buy,2017-12-30T17:38:02.076000Z
4718234012,12930.00000000,0.05111426,buy,2017-12-30T17:38:02.076000Z
4718234072,12930.01000000,0.34000000,sell,2017-12-30T17:38:02.954000Z
4718234074,12930.01000000,0.00010000,sell,2017-12-30T17:38:02.954000Z
4718234076,12930.01000000,0.05000000,sell,2017-12-30T17:38:02.954000Z
4718234078,12930.01000000,0.00010000,sell,2017-12-30T17:38:02.954000Z
4718234080,12930.01000000,0.00010000,sell,2017-12-30T17:38:02.954000Z
4718234082,12930.01000000,0.00010000,sell,2017-12-30T17:38:02.954000Z
4718234084,12930.01000000,1.00000000,sell,2017-12-30T17:38:02.954000Z
4718234086,12930.01000000,0.14250000,sell,2017-12-30T17:38:02.954000Z
4718234320,12930.00000000,0.01528505,buy,2017-12-30T17:38:06.483000Z
4718234322,12930.00000000,0.18471495,buy,2017-12-30T17:38:06.483000Z
4718234571,12930.00000000,0.20000000,buy,2017-12-30T17:38:09.508000Z
4718234696,12930.00000000,0.07320497,buy,2017-12-30T17:38:12.414000Z
4718234698,12930.00000000,0.11601000,buy,2017-12-30T17:38:12.414000Z
4718234700,12930.00000000,0.01078503,buy,2017-12-30T17:38:12.414000Z
4718234817,12930.01000000,0.02733226,sell,2017-12-30T17:38:15.001000Z
4718234845,12930.00000000,0.15475181,buy,2017-12-30T17:38:15.748000Z
4718234847,12930.00000000,0.03270540,buy,2017-12-30T17:38:15.748000Z
4718234954,12930.00000000,0.08330460,buy,2017-12-30T17:38:16.815000Z
4718234956,12930.00000000,0.01000000,buy,2017-12-30T17:38:16.815000Z
4718234958,12930.00000000,0.10669540,buy,2017-12-30T17:38:16.815000Z
4718235253,12930.01000000,0.10059915,sell,2017-12-30T17:38:19.415000Z
4718235368,12930.01000000,0.72956859,sell,2017-12-30T17:38:20.512000Z
4718235370,12930.01000000,0.00010000,sell,2017-12-30T17:38:20.512000Z
4718235372,12930.01000000,0.00010000,sell,2017-12-30T17:38:20.512000Z
4718235374,12930.01000000,0.00010000,sell,2017-12-30T17:38:20.512000Z
4718235376,12930.01000000,0.00010000,sell,2017-12-30T17:38:20.512000Z
4718235378,12930.01000000,0.01000000,sell,2017-12-30T17:38:20.512000Z
4718235380,12930.01000000,0.00010000,sell,2017-12-30T17:38:20.512000Z
4718235382,12930.01000000,0.39088520,sell,2017-12-30T17:38:20.512000Z
4718235384,12930.01000000,0.00010000,sell,2017-12-30T17:38:20.512000Z
4718235386,12930.01000000,0.35264621,sell,2017-12-30T17:38:20.513000Z
4718235525,12930.00000000,0.07699796,buy,2017-12-30T17:38:21.239000Z
4718235527,12930.00000000,0.12300204,buy,2017-12-30T17:38:21.239000Z
4718235793,12930.00000000,0.19699796,buy,2017-12-30T17:38:24.233000Z
4718235795,12930.00000000,0.00300204,buy,2017-12-30T17:38:24.233000Z
4718236016,12930.00000000,0.20000000,buy,2017-12-30T17:38:27.104000Z
4718236230,12930.00000000,0.20000000,buy,2017-12-30T17:38:29.972000Z
4718236240,12930.01000000,0.00010000,sell,2017-12-30T17:38:30.033000Z
4718236242,12930.01000000,0.00010000,sell,2017-12-30T17:38:30.033000Z
4718236244,12930.01000000,0.00010000,sell,2017-12-30T17:38:30.033000Z
4718236246,12930.01000000,0.01817958,sell,2017-12-30T17:38:30.033000Z
4718236248,12930.01000000,0.00010000,sell,2017-12-30T17:38:30.033000Z
4718236250,12930.01000000,0.00010000,sell,2017-12-30T17:38:30.033000Z
4718236252,12930.01000000,0.00010000,sell,2017-12-30T17:38:30.033000Z
4718236254,12930.10000000,0.11700000,sell,2017-12-30T17:38:30.033000Z
4718236256,12931.00000000,0.01851137,sell,2017-12-30T17:38:30.033000Z
4718236474,12930.99000000,0.04715780,buy,2017-12-30T17:38:32.922000Z
4718236476,12930.99000000,0.03866678,buy,2017-12-30T17:38:32.922000Z
4718236478,12930.99000000,0.03866678,buy,2017-12-30T17:38:32.922000Z
4718236480,12930.99000000,0.07550864,buy,2017-12-30T17:38:32.922000Z
4718236661,12930.99000000,0.20000000,buy,2017-12-30T17:38:35.790000Z
4718236842,12930.99000000,0.20000000,buy,2017-12-30T17:38:40.255000Z
4718236917,12931.00000000,0.03857034,sell,2017-12-30T17:38:41.643000Z
4718236999,12931.00000000,0.42297829,sell,2017-12-30T17:38:42.999000Z
4718237001,12931.00000000,0.00010000,sell,2017-12-30T17:38:42.999000Z
4718237003,12931.00000000,0.01000000,sell,2017-12-30T17:38:42.999000Z
4718237005,12931.00000000,0.00010000,sell,2017-12-30T17:38:42.999000Z
4718237007,12931.00000000,0.00010000,sell,2017-12-30T17:38:42.999000Z
4718237009,12934.00000000,0.18000000,sell,2017-12-30T17:38:42.999000Z
4718237011,12934.17000000,0.00640208,sell,2017-12-30T17:38:42.999000Z
4718237013,12934.36000000,0.00010003,sell,2017-12-30T17:38:42.999000Z
4718237015,12934.36000000,0.00020007,sell,2017-12-30T17:38:42.999000Z
4718237017,12934.36000000,0.00040013,sell,2017-12-30T17:38:42.999000Z
4718237019,12934.36000000,0.00080026,sell,2017-12-30T17:38:42.999000Z
4718237021,12934.36000000,0.00160052,sell,2017-12-30T17:38:42.999000Z
4718237023,12934.36000000,0.00320105,sell,2017-12-30T17:38:42.999000Z
4718237025,12934.99000000,0.00160144,sell,2017-12-30T17:38:42.999000Z
4718237027,12934.99000000,0.00320289,sell,2017-12-30T17:38:42.999000Z
4718237029,12934.99000000,0.00640578,sell,2017-12-30T17:38:42.999000Z
4718237031,12934.99000000,0.01281155,sell,2017-12-30T17:38:42.999000Z
4718237033,12934.99000000,0.02562311,sell,2017-12-30T17:38:42.999000Z
4718237035,12934.99000000,0.05124621,sell,2017-12-30T17:38:42.999000Z
4718237037,12934.99000000,0.00963028,sell,2017-12-30T17:38:42.999000Z
4718237039,12935.00000000,0.77174091,sell,2017-12-30T17:38:42.999000Z
4718237041,12935.00000000,0.38660000,sell,2017-12-30T17:38:42.999000Z
4718237043,12935.00000000,0.05000000,sell,2017-12-30T17:38:42.999000Z
4718237045,12935.00000000,0.15000000,sell,2017-12-30T17:38:42.999000Z
4718237047,12935.17000000,0.01000000,sell,2017-12-30T17:38:42.999000Z
4718237049,12937.55000000,0.00033391,sell,2017-12-30T17:38:42.999000Z
4718237051,12938.00000000,0.10000000,sell,2017-12-30T17:38:42.999000Z
4718237053,12938.34000000,0.28000000,sell,2017-12-30T17:38:42.999000Z
4718237055,12940.00000000,0.19012149,sell,2017-12-30T17:38:42.999000Z
4718237077,12940.00000000,0.03854351,sell,2017-12-30T17:38:43.088000Z
4718237095,12931.00000000,0.20000000,buy,2017-12-30T17:38:43.148000Z
4718237148,12940.00000000,0.82900000,sell,2017-12-30T17:38:43.295000Z
4718237198,12939.99000000,0.37575235,buy,2017-12-30T17:38:44.197000Z
4718237306,12939.99000000,0.15944899,buy,2017-12-30T17:38:46.034000Z
4718237308,12939.99000000,0.04055101,buy,2017-12-30T17:38:46.034000Z
4718237313,12940.00000000,0.03083481,sell,2017-12-30T17:38:46.259000Z
4718237317,12940.00000000,0.84876757,sell,2017-12-30T17:38:46.406000Z
4718237437,12939.99000000,0.20000000,buy,2017-12-30T17:38:48.949000Z
4718237681,12940.00000000,0.06273262,sell,2017-12-30T17:38:52.352000Z
4718237683,12940.00000000,0.01317177,sell,2017-12-30T17:38:52.352000Z
4718237685,12940.00000000,0.00010000,sell,2017-12-30T17:38:52.352000Z
4718237687,12940.00000000,0.00100000,sell,2017-12-30T17:38:52.352000Z
4718237689,12940.00000000,0.00010000,sell,2017-12-30T17:38:52.352000Z
4718237691,12940.00000000,0.00010000,sell,2017-12-30T17:38:52.352000Z
4718237693,12941.79000000,0.07695903,sell,2017-12-30T17:38:52.352000Z
4718237837,12940.02000000,0.20000000,buy,2017-12-30T17:38:53.332000Z
4718237954,12941.79000000,0.12794313,sell,2017-12-30T17:38:54.984000Z
4718237956,12941.79000000,0.00010009,sell,2017-12-30T17:38:54.984000Z
4718237958,12941.79000000,0.00020018,sell,2017-12-30T17:38:54.984000Z
4718237960,12942.08000000,0.02560635,sell,2017-12-30T17:38:54.984000Z
4718237962,12942.08000000,0.05122558,sell,2017-12-30T17:38:54.984000Z
4718237964,12942.08000000,0.10245116,sell,2017-12-30T17:38:54.984000Z
4718237966,12946.16000000,0.00011601,sell,2017-12-30T17:38:54.984000Z
4718237968,12946.16000000,0.00065871,sell,2017-12-30T17:38:54.984000Z
4718238054,12946.15000000,0.00663537,buy,2017-12-30T17:38:56.262000Z
4718238056,12946.15000000,0.19200000,buy,2017-12-30T17:38:56.262000Z
4718238058,12942.91000000,0.00136463,buy,2017-12-30T17:38:56.262000Z
4718238230,12942.91000000,0.30773400,buy,2017-12-30T17:38:59.000000Z
4718238232,12942.91000000,0.30773400,buy,2017-12-30T17:38:59.000000Z
4718238234,12942.91000000,0.00830066,buy,2017-12-30T17:38:59.000000Z
4718238236,12941.79000000,0.05982000,buy,2017-12-30T17:38:59.000000Z
4718238238,12941.69000000,0.00176700,buy,2017-12-30T17:38:59.000000Z
4718238240,12941.10000000,0.08158980,buy,2017-12-30T17:38:59.000000Z
4718238258,12941.10000000,0.20000000,buy,2017-12-30T17:38:59.115000Z
4718238361,12946.15000000,0.20466471,sell,2017-12-30T17:38:59.715000Z
4718238363,12946.16000000,0.03801105,sell,2017-12-30T17:38:59.715000Z
4718238365,12946.16000000,0.00038670,sell,2017-12-30T17:38:59.715000Z
4718238367,12946.16000000,0.00010000,sell,2017-12-30T17:38:59.715000Z
4718238369,12950.00000000,0.01280319,sell,2017-12-30T17:38:59.715000Z
4718238371,12950.00000000,0.01200000,sell,2017-12-30T17:38:59.715000Z
4718238373,12950.00000000,0.01592611,sell,2017-12-30T17:38:59.715000Z
4718238375,12950.00000000,0.00035000,sell,2017-12-30T17:38:59.715000Z
4718238377,12950.00000000,0.57001494,sell,2017-12-30T17:38:59.715000Z
4718238379,12950.00000000,0.01500000,sell,2017-12-30T17:38:59.715000Z
4718238381,12950.00000000,0.40000000,sell,2017-12-30T17:38:59.715000Z
4718238383,12950.00000000,0.00786250,sell,2017-12-30T17:38:59.715000Z
4718238385,12950.01000000,0.00200000,sell,2017-12-30T17:38:59.715000Z
4718238387,12955.01000000,0.01500000,sell,2017-12-30T17:38:59.715000Z
4718238389,12955.14000000,0.01000000,sell,2017-12-30T17:38:59.715000Z
4718238391,12960.00000000,0.00500000,sell,2017-12-30T17:38:59.715000Z
4718238393,12960.00000000,0.01200000,sell,2017-12-30T17:38:59.715000Z
4718238395,12960.02000000,0.01920000,sell,2017-12-30T17:38:59.715000Z
4718238397,12960.22000000,0.03020000,sell,2017-12-30T17:38:59.715000Z
4718238399,12962.90000000,0.01920000,sell,2017-12-30T17:38:59.715000Z
4718238401,12963.07000000,0.03020000,sell,2017-12-30T17:38:59.715000Z
4718238403,12963.50000000,0.29999998,sell,2017-12-30T17:38:59.715000Z
4718238405,12965.98000000,0.03020000,sell,2017-12-30T17:38:59.715000Z
4718238407,12966.19000000,0.01920000,sell,2017-12-30T17:38:59.715000Z
4718238409,12966.19000000,0.00961858,sell,2017-12-30T17:38:59.715000Z
4718238411,12969.99000000,0.50000000,sell,2017-12-30T17:38:59.715000Z
4718238413,12970.00000000,0.01200000,sell,2017-12-30T17:38:59.715000Z
4718238415,12970.41000000,0.03020000,sell,2017-12-30T17:38:59.715000Z
4718238417,12970.43000000,0.01920000,sell,2017-12-30T17:38:59.715000Z
4718238419,12970.43000000,0.00300000,sell,2017-12-30T17:38:59.715000Z
4718238421,12973.68000000,0.00129610,sell,2017-12-30T17:38:59.715000Z
4718238423,12973.75000000,0.00060000,sell,2017-12-30T17:38:59.715000Z
4718238425,12974.32000000,0.62066614,sell,2017-12-30T17:38:59.715000Z
4718238640,12964.26000000,0.00917500,sell,2017-12-30T17:39:00.813000Z
4718238642,12964.26000000,0.26012473,sell,2017-12-30T17:39:00.813000Z
4718238771,12960.01000000,0.00160177,buy,2017-12-30T17:39:01.639000Z
4718238773,12960.01000000,0.00320353,buy,2017-12-30T17:39:01.639000Z
4718238775,12960.01000000,0.00640707,buy,2017-12-30T17:39:01.639000Z
4718238777,12960.00000000,0.00659842,buy,2017-12-30T17:39:01.639000Z
4718238828,12960.01000000,0.01281413,buy,2017-12-30T17:39:02.098000Z
4718238830,12960.01000000,0.02562827,buy,2017-12-30T17:39:02.098000Z
